ISA*00*          *00*          *ZZ*00590          *ZZ*1234567890     *260310*1200*^*00501*000000001*0*P*:~
GS*HP*00590*1234567890*20260310*1200*1*X*005010X221A1~
ST*835*0001~
BPR*I*4925.60*C*ACH*CCP*01*111000025*DA*123456789*1234567890**01*111000025*DA*987654321*20260310~
TRN*1*12345678901234567*1234567890~
DTM*405*20260310~
N1*PR*Blue Cross Blue Shield of Florida~
N1*PE*Sunshine Family Practice*XX*1234567890~
REF*TJ*123456789~
CLP*PT001-001*1*250.00*187.50*0*12*BCBSFL001~
NM1*82*1*SMITH*JOHN****XX*1234567890~
DTM*036*20260214~
SVC*HC:99213*250.00*187.50**1~
DTM*472*20260106~
CAS*CO*45*62.50~
CLP*PT001-002*1*325.00*243.75*0*12*BCBSFL002~
NM1*82*1*SMITH*JOHN****XX*1234567890~
DTM*036*20260218~
SVC*HC:99214*325.00*243.75**1~
DTM*472*20260107~
CAS*CO*45*81.25~
CLP*PT002-001*4*280.00*0.00*0*12*BCBSFL003~
NM1*82*1*SMITH*JOHN****XX*1234567890~
DTM*036*20260220~
SVC*HC:99213:25*280.00*0.00**1~
DTM*472*20260108~
CAS*CO*4*280.00~
CLP*PT002-002*4*350.00*0.00*0*12*BCBSFL004~
NM1*82*1*SMITH*JOHN****XX*1234567890~
DTM*036*20260222~
SVC*HC:99214:25*350.00*0.00**1~
DTM*472*20260109~
CAS*CO*4*350.00~
CLP*PT003-001*1*485.00*339.50*0*12*BCBSFL005~
NM1*82*1*SMITH*JOHN****XX*1234567890~
DTM*036*20260225~
SVC*HC:99215*485.00*339.50**1~
DTM*472*20260113~
CAS*CO*45*145.50~
CLP*PT003-002*4*220.00*0.00*0*12*BCBSFL006~
NM1*82*1*SMITH*JOHN****XX*1234567890~
DTM*036*20260226~
SVC*HC:99213:59*220.00*0.00**1~
DTM*472*20260114~
CAS*CO*97*220.00~
CLP*PT004-001*4*380.00*0.00*0*12*BCBSFL007~
NM1*82*1*SMITH*JOHN****XX*1234567890~
DTM*036*20260301~
SVC*HC:99214:59*380.00*0.00**1~
DTM*472*20260115~
CAS*CO*97*380.00~
CLP*PT004-002*1*180.00*135.00*0*12*BCBSFL008~
NM1*82*1*SMITH*JOHN****XX*1234567890~
DTM*036*20260228~
SVC*HC:90834*180.00*135.00**1~
DTM*472*20260116~
CAS*CO*45*45.00~
CLP*PT005-001*1*300.00*225.00*0*12*BCBSFL009~
NM1*82*1*SMITH*JOHN****XX*1234567890~
DTM*036*20260302~
SVC*HC:99232*300.00*225.00**1~
DTM*472*20260117~
CAS*CO*45*75.00~
CLP*PT005-002*4*275.00*0.00*0*12*BCBSFL010~
NM1*82*1*SMITH*JOHN****XX*1234567890~
DTM*036*20260305~
SVC*HC:90837:GT*275.00*0.00**1~
DTM*472*20260120~
CAS*PR*96*275.00~
CLP*PT006-001*1*325.00*227.50*0*12*BCBSFL011~
NM1*82*1*SMITH*JOHN****XX*1234567890~
DTM*036*20260307~
SVC*HC:99214*325.00*227.50**1~
DTM*472*20260121~
CAS*CO*45*97.50~
CLP*PT006-002*4*420.00*0.00*0*12*BCBSFL012~
NM1*82*1*SMITH*JOHN****XX*1234567890~
DTM*036*20260308~
SVC*HC:99215:25:59*420.00*0.00**1~
DTM*472*20260122~
CAS*CO*4*420.00~
CLP*PT007-001*1*250.00*175.00*0*12*BCBSFL013~
NM1*82*1*SMITH*JOHN****XX*1234567890~
DTM*036*20260310~
SVC*HC:99213*250.00*175.00**1~
DTM*472*20260123~
CAS*CO*45*75.00~
CLP*PT007-002*1*210.00*157.50*0*12*BCBSFL014~
NM1*82*1*SMITH*JOHN****XX*1234567890~
DTM*036*20260310~
SVC*HC:90834*210.00*157.50**1~
DTM*472*20260124~
CAS*CO*45*52.50~
CLP*PT008-001*1*290.00*202.85*0*12*BCBSFL015~
NM1*82*1*SMITH*JOHN****XX*1234567890~
DTM*036*20260312~
SVC*HC:99232*290.00*202.85**1~
DTM*472*20260127~
CAS*CO*45*87.15~
SE*75*0001~
GE*1*1~
IEA*1*000000001~
