ISA*00*          *00*          *ZZ*00590          *ZZ*9876543210     *260325*1200*^*00501*000000002*0*P*:~
GS*HP*00590*9876543210*20260325*1200*1*X*005010X221A1~
ST*835*0001~
BPR*I*6250.00*C*ACH*CCP*01*111000025*DA*123456789*9876543210**01*111000025*DA*987654321*20260325~
TRN*1*98765432109876543*9876543210~
DTM*405*20260325~
N1*PR*Blue Cross Blue Shield of Florida~
N1*PE*Sunshine Multi-Provider Practice*XX*9876543210~
REF*TJ*987654321~
CLP*SJ001*1*250.00*187.50*0*12*BCBSFL101~
NM1*82*1*JOHNSON*SARAH****XX*1111111111~
DTM*036*20260210~
SVC*HC:99213*250.00*187.50**1~
DTM*472*20260115~
CAS*CO*45*62.50~
CLP*SJ002*1*325.00*243.75*0*12*BCBSFL102~
NM1*82*1*JOHNSON*SARAH****XX*1111111111~
DTM*036*20260212~
SVC*HC:99214*325.00*243.75**1~
DTM*472*20260116~
CAS*CO*45*81.25~
CLP*SJ003*1*485.00*339.50*0*12*BCBSFL103~
NM1*82*1*JOHNSON*SARAH****XX*1111111111~
DTM*036*20260215~
SVC*HC:99215*485.00*339.50**1~
DTM*472*20260120~
CAS*CO*45*145.50~
CLP*SJ004*1*180.00*135.00*0*12*BCBSFL104~
NM1*82*1*JOHNSON*SARAH****XX*1111111111~
DTM*036*20260218~
SVC*HC:90834*180.00*135.00**1~
DTM*472*20260122~
CAS*CO*45*45.00~
CLP*SJ005*1*300.00*225.00*0*12*BCBSFL105~
NM1*82*1*JOHNSON*SARAH****XX*1111111111~
DTM*036*20260220~
SVC*HC:99232*300.00*225.00**1~
DTM*472*20260125~
CAS*CO*45*75.00~
CLP*SJ006*4*275.00*0.00*0*12*BCBSFL106~
NM1*82*1*JOHNSON*SARAH****XX*1111111111~
DTM*036*20260222~
SVC*HC:99213*275.00*0.00**1~
DTM*472*20260128~
CAS*CO*16*275.00~
CLP*MW001*4*320.00*0.00*0*12*BCBSFL201~
NM1*82*1*WILLIAMS*MARCUS****XX*2222222222~
DTM*036*20260210~
SVC*HC:99214*320.00*0.00**1~
DTM*472*20260115~
CAS*CO*16*320.00~
CLP*MW002*4*280.00*0.00*0*12*BCBSFL202~
NM1*82*1*WILLIAMS*MARCUS****XX*2222222222~
DTM*036*20260213~
SVC*HC:99213*280.00*0.00**1~
DTM*472*20260118~
CAS*CO*45*280.00~
CLP*MW003*1*350.00*262.50*0*12*BCBSFL203~
NM1*82*1*WILLIAMS*MARCUS****XX*2222222222~
DTM*036*20260216~
SVC*HC:99214*350.00*262.50**1~
DTM*472*20260121~
CAS*CO*45*87.50~
CLP*MW004*4*420.00*0.00*0*12*BCBSFL204~
NM1*82*1*WILLIAMS*MARCUS****XX*2222222222~
DTM*036*20260219~
SVC*HC:99215*420.00*0.00**1~
DTM*472*20260124~
CAS*CO*4*420.00~
CLP*MW005*4*240.00*0.00*0*12*BCBSFL205~
NM1*82*1*WILLIAMS*MARCUS****XX*2222222222~
DTM*036*20260222~
SVC*HC:99213*240.00*0.00**1~
DTM*472*20260127~
CAS*CO*97*240.00~
CLP*MW006*1*290.00*217.50*0*12*BCBSFL206~
NM1*82*1*WILLIAMS*MARCUS****XX*2222222222~
DTM*036*20260225~
SVC*HC:99232*290.00*217.50**1~
DTM*472*20260130~
CAS*CO*45*72.50~
CLP*ER001*1*380.00*285.00*0*12*BCBSFL301~
NM1*82*1*RODRIGUEZ*ELENA****XX*3333333333~
DTM*036*20260211~
SVC*HC:99214*380.00*285.00**1~
DTM*472*20260116~
CAS*CO*45*95.00~
CLP*ER002*4*260.00*0.00*0*12*BCBSFL302~
NM1*82*1*RODRIGUEZ*ELENA****XX*3333333333~
DTM*036*20260214~
SVC*HC:99213*260.00*0.00**1~
DTM*472*20260119~
CAS*CO*16*260.00~
CLP*ER003*1*440.00*308.00*0*12*BCBSFL303~
NM1*82*1*RODRIGUEZ*ELENA****XX*3333333333~
DTM*036*20260217~
SVC*HC:99215*440.00*308.00**1~
DTM*472*20260122~
CAS*CO*45*132.00~
CLP*ER004*4*195.00*0.00*0*12*BCBSFL304~
NM1*82*1*RODRIGUEZ*ELENA****XX*3333333333~
DTM*036*20260221~
SVC*HC:90834*195.00*0.00**1~
DTM*472*20260126~
CAS*CO*4*195.00~
CLP*ER005*1*310.00*232.50*0*12*BCBSFL305~
NM1*82*1*RODRIGUEZ*ELENA****XX*3333333333~
DTM*036*20260224~
SVC*HC:99232*310.00*232.50**1~
DTM*472*20260129~
CAS*CO*45*77.50~
SE*102*0001~
GE*1*1~
IEA*1*000000002~
