ISA*00*          *00*          *ZZ*CIGNA          *ZZ*MIDWESTMFG     *250103*1200*^*00501*000000001*0*P*:~
GS*HP*CIGNA*MIDWESTMFG*20250103*1200*1*X*005010X221A1~
ST*835*0001~
BPR*I*623222.92*C*ACH*CTX*01*011000015*DA*1234567890*1512345678**01*011000015*DA*9876543210*20250103~
TRN*1*12345678901234*1512345678~
DTM*405*20250103~
N1*PR*Cigna Health and Life Insurance Company~
N3*900 Cottage Grove Road~
N4*Bloomfield*CT*06002~
N1*PE*Midwest Manufacturing Co*FI*363456789~
N3*4500 Industrial Parkway~
N4*Columbus*OH*43228~
LX*1~
CLP*MMC2024000834*1*120.90*86.36*0*12*CLAIMREF001*11~
CAS*CO*45*34.54~
SVC*HC:36415*120.90*86.36**1~
DTM*472*20241227~
CLP*MMC2024000873*1*119.97*85.69*0*12*CLAIMREF001*11~
CAS*CO*45*34.28~
SVC*HC:36415*119.97*85.69**1~
DTM*472*20241217~
CLP*MMC2024000885*1*122.54*87.53*0*12*CLAIMREF001*11~
CAS*CO*45*35.01~
SVC*HC:36415*122.54*87.53**1~
DTM*472*20241227~
CLP*MMC2024000159*1*696.95*497.82*0*12*CLAIMREF001*11~
CAS*CO*45*199.13~
SVC*HC:99213*696.95*497.82**1~
DTM*472*20241211~
CLP*MMC2024000183*1*684.53*488.95*0*12*CLAIMREF001*11~
CAS*CO*45*195.58~
SVC*HC:99213*684.53*488.95**1~
DTM*472*20241228~
CLP*MMC2024000909*1*2521.92*1801.37*0*12*CLAIMREF001*11~
CAS*CO*45*720.55~
SVC*HC:99283*2521.92*1801.37**1~
DTM*472*20241217~
CLP*MMC2024000856*1*116.44*83.17*0*12*CLAIMREF001*11~
CAS*CO*45*33.27~
SVC*HC:36415*116.44*83.17**1~
DTM*472*20241222~
CLP*MMC2024000860*1*114.35*81.68*0*12*CLAIMREF001*11~
CAS*CO*45*32.67~
SVC*HC:36415*114.35*81.68**1~
DTM*472*20241208~
CLP*MMC2024000696*1*237.97*169.98*0*12*CLAIMREF001*11~
CAS*CO*45*67.99~
SVC*HC:85025*237.97*169.98**1~
DTM*472*20241214~
CLP*MMC2024000876*1*114.81*82.01*0*12*CLAIMREF001*11~
CAS*CO*45*32.80~
SVC*HC:36415*114.81*82.01**1~
DTM*472*20241217~
CLP*MMC2024000541*1*1621.55*1158.25*0*12*CLAIMREF001*11~
CAS*CO*45*463.30~
SVC*HC:99396*1621.55*1158.25**1~
DTM*472*20241228~
CLP*MMC2024000007*1*5603.51*4002.51*0*12*CLAIMREF001*11~
CAS*CO*45*1601.00~
SVC*HC:27447*5603.51*4002.51**1~
DTM*472*20241207~
CLP*MMC2024000606*1*307.30*219.50*0*12*CLAIMREF001*11~
CAS*CO*45*87.80~
SVC*HC:80053*307.30*219.50**1~
DTM*472*20241205~
CLP*MMC2024000034*1*2489.10*1777.93*0*12*CLAIMREF001*11~
CAS*CO*45*711.17~
SVC*HC:73721*2489.10*1777.93**1~
DTM*472*20241212~
CLP*MMC2024000750*1*243.10*173.64*0*12*CLAIMREF001*11~
CAS*CO*45*69.46~
SVC*HC:85025*243.10*173.64**1~
DTM*472*20241207~
CLP*MMC2024000041*1*616.78*440.56*0*12*CLAIMREF001*11~
CAS*CO*45*176.22~
SVC*HC:93306*616.78*440.56**1~
DTM*472*20241221~
CLP*MMC2024000015*1*2784.10*1988.64*0*12*CLAIMREF001*11~
CAS*CO*45*795.46~
SVC*HC:29881*2784.10*1988.64**1~
DTM*472*20241211~
CLP*MMC2024000605*1*302.64*216.17*0*12*CLAIMREF001*11~
CAS*CO*45*86.47~
SVC*HC:80053*302.64*216.17**1~
DTM*472*20241215~
CLP*MMC2024000320*1*920.28*657.34*0*12*CLAIMREF001*11~
CAS*CO*45*262.94~
SVC*HC:99214*920.28*657.34**1~
DTM*472*20241213~
CLP*MMC2024000119*1*718.49*513.21*0*12*CLAIMREF001*11~
CAS*CO*45*205.28~
SVC*HC:99213*718.49*513.21**1~
DTM*472*20241204~
CLP*MMC2024000599*1*302.12*215.80*0*12*CLAIMREF001*11~
CAS*CO*45*86.32~
SVC*HC:80053*302.12*215.80**1~
DTM*472*20241212~
CLP*MMC2024000669*1*244.59*174.71*0*12*CLAIMREF001*11~
CAS*CO*45*69.88~
SVC*HC:85025*244.59*174.71**1~
DTM*472*20241219~
CLP*MMC2024000244*1*679.04*485.03*0*12*CLAIMREF001*11~
CAS*CO*45*194.01~
SVC*HC:99213*679.04*485.03**1~
DTM*472*20241213~
CLP*MMC2024000681*1*243.61*174.01*0*12*CLAIMREF001*11~
CAS*CO*45*69.60~
SVC*HC:85025*243.61*174.01**1~
DTM*472*20241205~
CLP*MMC2024000835*1*113.11*80.79*0*12*CLAIMREF001*11~
CAS*CO*45*32.32~
SVC*HC:36415*113.11*80.79**1~
DTM*472*20241223~
CLP*MMC2024000728*1*239.18*170.84*0*12*CLAIMREF001*11~
CAS*CO*45*68.34~
SVC*HC:85025*239.18*170.84**1~
DTM*472*20241222~
CLP*MMC2024000895*1*122.65*87.61*0*12*CLAIMREF001*11~
CAS*CO*45*35.04~
SVC*HC:36415*122.65*87.61**1~
DTM*472*20241220~
CLP*MMC2024000323*1*959.08*685.06*0*12*CLAIMREF001*11~
CAS*CO*45*274.02~
SVC*HC:99214*959.08*685.06**1~
DTM*472*20241228~
CLP*MMC2024000725*1*253.05*180.75*0*12*CLAIMREF001*11~
CAS*CO*45*72.30~
SVC*HC:85025*253.05*180.75**1~
DTM*472*20241210~
CLP*MMC2024000324*1*962.28*687.34*0*12*CLAIMREF001*11~
CAS*CO*45*274.94~
SVC*HC:99214*962.28*687.34**1~
DTM*472*20241202~
CLP*MMC2024000761*1*247.02*176.44*0*12*CLAIMREF001*11~
CAS*CO*45*70.58~
SVC*HC:85025*247.02*176.44**1~
DTM*472*20241203~
CLP*MMC2024000763*1*246.26*175.90*0*12*CLAIMREF001*11~
CAS*CO*45*70.36~
SVC*HC:85025*246.26*175.90**1~
DTM*472*20241213~
CLP*MMC2024000748*1*245.42*175.30*0*12*CLAIMREF001*11~
CAS*CO*45*70.12~
SVC*HC:85025*245.42*175.30**1~
DTM*472*20241220~
CLP*MMC2024000618*1*282.21*201.58*0*12*CLAIMREF001*11~
CAS*CO*45*80.63~
SVC*HC:80053*282.21*201.58**1~
DTM*472*20241208~
CLP*MMC2024000616*1*296.20*211.57*0*12*CLAIMREF001*11~
CAS*CO*45*84.63~
SVC*HC:80053*296.20*211.57**1~
DTM*472*20241227~
CLP*MMC2024000088*1*401.09*286.49*0*12*CLAIMREF001*11~
CAS*CO*45*114.60~
SVC*HC:20610*401.09*286.49**1~
DTM*472*20241227~
CLP*MMC2024000785*1*563.42*402.44*0*12*CLAIMREF001*11~
CAS*CO*45*160.98~
SVC*HC:93000*563.42*402.44**1~
DTM*472*20241206~
CLP*MMC2024000318*1*962.82*687.73*0*12*CLAIMREF001*11~
CAS*CO*45*275.09~
SVC*HC:99214*962.82*687.73**1~
DTM*472*20241205~
CLP*MMC2024000600*1*294.62*210.44*0*12*CLAIMREF001*11~
CAS*CO*45*84.18~
SVC*HC:80053*294.62*210.44**1~
DTM*472*20241209~
CLP*MMC2024000454*1*1362.30*973.07*0*12*CLAIMREF001*11~
CAS*CO*45*389.23~
SVC*HC:99395*1362.30*973.07**1~
DTM*472*20241215~
CLP*MMC2024000369*1*959.76*685.54*0*12*CLAIMREF001*11~
CAS*CO*45*274.22~
SVC*HC:99214*959.76*685.54**1~
DTM*472*20241224~
CLP*MMC2024000400*1*1009.53*721.09*0*12*CLAIMREF001*11~
CAS*CO*45*288.44~
SVC*HC:99214*1009.53*721.09**1~
DTM*472*20241223~
CLP*MMC2024000261*1*674.03*481.45*0*12*CLAIMREF001*11~
CAS*CO*45*192.58~
SVC*HC:99213*674.03*481.45**1~
DTM*472*20241227~
CLP*MMC2024000284*1*706.90*504.93*0*12*CLAIMREF001*11~
CAS*CO*45*201.97~
SVC*HC:99213*706.90*504.93**1~
DTM*472*20241217~
CLP*MMC2024000330*1*925.58*661.13*0*12*CLAIMREF001*11~
CAS*CO*45*264.45~
SVC*HC:99214*925.58*661.13**1~
DTM*472*20241201~
CLP*MMC2024000188*1*718.20*513.00*0*12*CLAIMREF001*11~
CAS*CO*45*205.20~
SVC*HC:99213*718.20*513.00**1~
DTM*472*20241206~
CLP*MMC2024000493*1*1368.54*977.53*0*12*CLAIMREF001*11~
CAS*CO*45*391.01~
SVC*HC:99395*1368.54*977.53**1~
DTM*472*20241201~
CLP*MMC2024000908*1*116.51*83.22*0*12*CLAIMREF001*11~
CAS*CO*45*33.29~
SVC*HC:36415*116.51*83.22**1~
DTM*472*20241222~
CLP*MMC2024000399*1*929.22*663.73*0*12*CLAIMREF001*11~
CAS*CO*45*265.49~
SVC*HC:99214*929.22*663.73**1~
DTM*472*20241218~
CLP*MMC2024000108*1*686.29*490.21*0*12*CLAIMREF001*11~
CAS*CO*45*196.08~
SVC*HC:99213*686.29*490.21**1~
DTM*472*20241209~
CLP*MMC2024000509*1*1420.54*1014.67*0*12*CLAIMREF001*11~
CAS*CO*45*405.87~
SVC*HC:99395*1420.54*1014.67**1~
DTM*472*20241209~
CLP*MMC2024000917*1*2444.76*1746.26*0*12*CLAIMREF001*11~
CAS*CO*45*698.50~
SVC*HC:99283*2444.76*1746.26**1~
DTM*472*20241203~
CLP*MMC2024000889*1*117.17*83.69*0*12*CLAIMREF001*11~
CAS*CO*45*33.48~
SVC*HC:36415*117.17*83.69**1~
DTM*472*20241227~
CLP*MMC2024000163*1*714.71*510.51*0*12*CLAIMREF001*11~
CAS*CO*45*204.20~
SVC*HC:99213*714.71*510.51**1~
DTM*472*20241203~
CLP*MMC2024000536*1*1552.35*1108.82*0*12*CLAIMREF001*11~
CAS*CO*45*443.53~
SVC*HC:99396*1552.35*1108.82**1~
DTM*472*20241221~
CLP*MMC2024000854*1*118.94*84.96*0*12*CLAIMREF001*11~
CAS*CO*45*33.98~
SVC*HC:36415*118.94*84.96**1~
DTM*472*20241206~
CLP*MMC2024000228*1*653.67*466.91*0*12*CLAIMREF001*11~
CAS*CO*45*186.76~
SVC*HC:99213*653.67*466.91**1~
DTM*472*20241220~
CLP*MMC2024000314*1*959.77*685.55*0*12*CLAIMREF001*11~
CAS*CO*45*274.22~
SVC*HC:99214*959.77*685.55**1~
DTM*472*20241201~
CLP*MMC2024000265*1*652.72*466.23*0*12*CLAIMREF001*11~
CAS*CO*45*186.49~
SVC*HC:99213*652.72*466.23**1~
DTM*472*20241208~
CLP*MMC2024000662*1*279.45*199.61*0*12*CLAIMREF001*11~
CAS*CO*45*79.84~
SVC*HC:80053*279.45*199.61**1~
DTM*472*20241226~
CLP*MMC2024000758*1*255.61*182.58*0*12*CLAIMREF001*11~
CAS*CO*45*73.03~
SVC*HC:85025*255.61*182.58**1~
DTM*472*20241203~
CLP*MMC2024000682*1*237.24*169.46*0*12*CLAIMREF001*11~
CAS*CO*45*67.78~
SVC*HC:85025*237.24*169.46**1~
DTM*472*20241209~
CLP*MMC2024000911*1*2592.66*1851.90*0*12*CLAIMREF001*11~
CAS*CO*45*740.76~
SVC*HC:99283*2592.66*1851.90**1~
DTM*472*20241218~
CLP*MMC2024000500*1*1431.92*1022.80*0*12*CLAIMREF001*11~
CAS*CO*45*409.12~
SVC*HC:99395*1431.92*1022.80**1~
DTM*472*20241221~
CLP*MMC2024000768*1*552.57*394.69*0*12*CLAIMREF001*11~
CAS*CO*45*157.88~
SVC*HC:93000*552.57*394.69**1~
DTM*472*20241223~
CLP*MMC2024000831*1*113.12*80.80*0*12*CLAIMREF001*11~
CAS*CO*45*32.32~
SVC*HC:36415*113.12*80.80**1~
DTM*472*20241223~
CLP*MMC2024000402*1*989.02*706.44*0*12*CLAIMREF001*11~
CAS*CO*45*282.58~
SVC*HC:99214*989.02*706.44**1~
DTM*472*20241209~
CLP*MMC2024000757*1*249.48*178.20*0*12*CLAIMREF001*11~
CAS*CO*45*71.28~
SVC*HC:85025*249.48*178.20**1~
DTM*472*20241222~
CLP*MMC2024000101*1*381.21*272.29*0*12*CLAIMREF001*11~
CAS*CO*45*108.92~
SVC*HC:20610*381.21*272.29**1~
DTM*472*20241211~
CLP*MMC2024000171*1*708.19*505.85*0*12*CLAIMREF001*11~
CAS*CO*45*202.34~
SVC*HC:99213*708.19*505.85**1~
DTM*472*20241223~
CLP*MMC2024000906*1*116.65*83.32*0*12*CLAIMREF001*11~
CAS*CO*45*33.33~
SVC*HC:36415*116.65*83.32**1~
DTM*472*20241220~
CLP*MMC2024000714*1*247.58*176.84*0*12*CLAIMREF001*11~
CAS*CO*45*70.74~
SVC*HC:85025*247.58*176.84**1~
DTM*472*20241228~
CLP*MMC2024000818*1*549.72*392.66*0*12*CLAIMREF001*11~
CAS*CO*45*157.06~
SVC*HC:93000*549.72*392.66**1~
DTM*472*20241211~
CLP*MMC2024000625*1*298.09*212.92*0*12*CLAIMREF001*11~
CAS*CO*45*85.17~
SVC*HC:80053*298.09*212.92**1~
DTM*472*20241204~
CLP*MMC2024000022*1*2565.54*1832.53*0*12*CLAIMREF001*11~
CAS*CO*45*733.01~
SVC*HC:73721*2565.54*1832.53**1~
DTM*472*20241204~
CLP*MMC2024000211*1*706.62*504.73*0*12*CLAIMREF001*11~
CAS*CO*45*201.89~
SVC*HC:99213*706.62*504.73**1~
DTM*472*20241209~
CLP*MMC2024000585*1*301.81*215.58*0*12*CLAIMREF001*11~
CAS*CO*45*86.23~
SVC*HC:80053*301.81*215.58**1~
DTM*472*20241208~
CLP*MMC2024000664*1*288.53*206.09*0*12*CLAIMREF001*11~
CAS*CO*45*82.44~
SVC*HC:80053*288.53*206.09**1~
DTM*472*20241206~
CLP*MMC2024000832*1*122.63*87.59*0*12*CLAIMREF001*11~
CAS*CO*45*35.04~
SVC*HC:36415*122.63*87.59**1~
DTM*472*20241210~
CLP*MMC2024000182*1*709.51*506.79*0*12*CLAIMREF001*11~
CAS*CO*45*202.72~
SVC*HC:99213*709.51*506.79**1~
DTM*472*20241217~
CLP*MMC2024000685*1*245.07*175.05*0*12*CLAIMREF001*11~
CAS*CO*45*70.02~
SVC*HC:85025*245.07*175.05**1~
DTM*472*20241220~
CLP*MMC2024000094*1*396.17*282.98*0*12*CLAIMREF001*11~
CAS*CO*45*113.19~
SVC*HC:20610*396.17*282.98**1~
DTM*472*20241207~
CLP*MMC2024000861*1*115.25*82.32*0*12*CLAIMREF001*11~
CAS*CO*45*32.93~
SVC*HC:36415*115.25*82.32**1~
DTM*472*20241226~
CLP*MMC2024000964*1*1215.80*868.43*0*12*CLAIMREF001*11~
CAS*CO*45*347.37~
SVC*HC:99232*1215.80*868.43**1~
DTM*472*20241222~
CLP*MMC2024000694*1*244.02*174.30*0*12*CLAIMREF001*11~
CAS*CO*45*69.72~
SVC*HC:85025*244.02*174.30**1~
DTM*472*20241215~
CLP*MMC2024000526*1*1631.21*1165.15*0*12*CLAIMREF001*11~
CAS*CO*45*466.06~
SVC*HC:99396*1631.21*1165.15**1~
DTM*472*20241213~
CLP*MMC2024000525*1*1604.78*1146.27*0*12*CLAIMREF001*11~
CAS*CO*45*458.51~
SVC*HC:99396*1604.78*1146.27**1~
DTM*472*20241223~
CLP*MMC2024000601*1*303.41*216.72*0*12*CLAIMREF001*11~
CAS*CO*45*86.69~
SVC*HC:80053*303.41*216.72**1~
DTM*472*20241209~
CLP*MMC2024000538*1*1561.66*1115.47*0*12*CLAIMREF001*11~
CAS*CO*45*446.19~
SVC*HC:99396*1561.66*1115.47**1~
DTM*472*20241209~
CLP*MMC2024000436*1*932.85*666.32*0*12*CLAIMREF001*11~
CAS*CO*45*266.53~
SVC*HC:99214*932.85*666.32**1~
DTM*472*20241206~
CLP*MMC2024000677*1*256.63*183.31*0*12*CLAIMREF001*11~
CAS*CO*45*73.32~
SVC*HC:85025*256.63*183.31**1~
DTM*472*20241214~
CLP*MMC2024000789*1*551.95*394.25*0*12*CLAIMREF001*11~
CAS*CO*45*157.70~
SVC*HC:93000*551.95*394.25**1~
DTM*472*20241219~
CLP*MMC2024000250*1*678.89*484.92*0*12*CLAIMREF001*11~
CAS*CO*45*193.97~
SVC*HC:99213*678.89*484.92**1~
DTM*472*20241227~
CLP*MMC2024000650*1*286.17*204.41*0*12*CLAIMREF001*11~
CAS*CO*45*81.76~
SVC*HC:80053*286.17*204.41**1~
DTM*472*20241205~
CLP*MMC2024000703*1*244.86*174.90*0*12*CLAIMREF001*11~
CAS*CO*45*69.96~
SVC*HC:85025*244.86*174.90**1~
DTM*472*20241205~
CLP*MMC2024000431*1*947.17*676.55*0*12*CLAIMREF001*11~
CAS*CO*45*270.62~
SVC*HC:99214*947.17*676.55**1~
DTM*472*20241220~
CLP*MMC2024000865*1*117.04*83.60*0*12*CLAIMREF001*11~
CAS*CO*45*33.44~
SVC*HC:36415*117.04*83.60**1~
DTM*472*20241210~
CLP*MMC2024000914*1*2572.79*1837.71*0*12*CLAIMREF001*11~
CAS*CO*45*735.08~
SVC*HC:99283*2572.79*1837.71**1~
DTM*472*20241202~
CLP*MMC2024000046*1*605.93*432.81*0*12*CLAIMREF001*11~
CAS*CO*45*173.12~
SVC*HC:93306*605.93*432.81**1~
DTM*472*20241213~
CLP*MMC2024000644*1*287.13*205.09*0*12*CLAIMREF001*11~
CAS*CO*45*82.04~
SVC*HC:80053*287.13*205.09**1~
DTM*472*20241204~
CLP*MMC2024000161*1*660.02*471.44*0*12*CLAIMREF001*11~
CAS*CO*45*188.58~
SVC*HC:99213*660.02*471.44**1~
DTM*472*20241221~
CLP*MMC2024000883*1*123.30*88.07*0*12*CLAIMREF001*11~
CAS*CO*45*35.23~
SVC*HC:36415*123.30*88.07**1~
DTM*472*20241212~
CLP*MMC2024000334*1*993.15*709.39*0*12*CLAIMREF001*11~
CAS*CO*45*283.76~
SVC*HC:99214*993.15*709.39**1~
DTM*472*20241221~
CLP*MMC2024000837*1*123.33*88.09*0*12*CLAIMREF001*11~
CAS*CO*45*35.24~
SVC*HC:36415*123.33*88.09**1~
DTM*472*20241217~
CLP*MMC2024000553*1*1596.83*1140.59*0*12*CLAIMREF001*11~
CAS*CO*45*456.24~
SVC*HC:99396*1596.83*1140.59**1~
DTM*472*20241201~
CLP*MMC2024000226*1*658.95*470.68*0*12*CLAIMREF001*11~
CAS*CO*45*188.27~
SVC*HC:99213*658.95*470.68**1~
DTM*472*20241209~
CLP*MMC2024000899*1*114.41*81.72*0*12*CLAIMREF001*11~
CAS*CO*45*32.69~
SVC*HC:36415*114.41*81.72**1~
DTM*472*20241221~
CLP*MMC2024000805*1*551.99*394.28*0*12*CLAIMREF001*11~
CAS*CO*45*157.71~
SVC*HC:93000*551.99*394.28**1~
DTM*472*20241226~
CLP*MMC2024000301*1*679.55*485.39*0*12*CLAIMREF001*11~
CAS*CO*45*194.16~
SVC*HC:99213*679.55*485.39**1~
DTM*472*20241207~
CLP*MMC2024000401*1*935.56*668.26*0*12*CLAIMREF001*11~
CAS*CO*45*267.30~
SVC*HC:99214*935.56*668.26**1~
DTM*472*20241207~
CLP*MMC2024000638*1*279.99*199.99*0*12*CLAIMREF001*11~
CAS*CO*45*80.00~
SVC*HC:80053*279.99*199.99**1~
DTM*472*20241212~
CLP*MMC2024000853*1*121.38*86.70*0*12*CLAIMREF001*11~
CAS*CO*45*34.68~
SVC*HC:36415*121.38*86.70**1~
DTM*472*20241225~
CLP*MMC2024000704*1*249.42*178.16*0*12*CLAIMREF001*11~
CAS*CO*45*71.26~
SVC*HC:85025*249.42*178.16**1~
DTM*472*20241219~
CLP*MMC2024000105*1*694.30*495.93*0*12*CLAIMREF001*11~
CAS*CO*45*198.37~
SVC*HC:99213*694.30*495.93**1~
DTM*472*20241208~
CLP*MMC2024000065*1*423.21*302.29*0*12*CLAIMREF001*11~
CAS*CO*45*120.92~
SVC*HC:75571*423.21*302.29**1~
DTM*472*20241218~
CLP*MMC2024000288*1*681.90*487.07*0*12*CLAIMREF001*11~
CAS*CO*45*194.83~
SVC*HC:99213*681.90*487.07**1~
DTM*472*20241225~
CLP*MMC2024000037*1*5398.75*3856.25*0*12*CLAIMREF001*11~
CAS*CO*45*1542.50~
SVC*HC:27130*5398.75*3856.25**1~
DTM*472*20241220~
CLP*MMC2024000319*1*1012.41*723.15*0*12*CLAIMREF001*11~
CAS*CO*45*289.26~
SVC*HC:99214*1012.41*723.15**1~
DTM*472*20241218~
CLP*MMC2024000751*1*254.65*181.89*0*12*CLAIMREF001*11~
CAS*CO*45*72.76~
SVC*HC:85025*254.65*181.89**1~
DTM*472*20241225~
CLP*MMC2024000241*1*672.56*480.40*0*12*CLAIMREF001*11~
CAS*CO*45*192.16~
SVC*HC:99213*672.56*480.40**1~
DTM*472*20241228~
CLP*MMC2024000382*1*971.36*693.83*0*12*CLAIMREF001*11~
CAS*CO*45*277.53~
SVC*HC:99214*971.36*693.83**1~
DTM*472*20241217~
CLP*MMC2024000136*1*718.58*513.27*0*12*CLAIMREF001*11~
CAS*CO*45*205.31~
SVC*HC:99213*718.58*513.27**1~
DTM*472*20241209~
CLP*MMC2024000174*1*696.82*497.73*0*12*CLAIMREF001*11~
CAS*CO*45*199.09~
SVC*HC:99213*696.82*497.73**1~
DTM*472*20241218~
CLP*MMC2024000184*1*654.53*467.52*0*12*CLAIMREF001*11~
CAS*CO*45*187.01~
SVC*HC:99213*654.53*467.52**1~
DTM*472*20241221~
CLP*MMC2024000071*1*6992.57*4994.69*0*12*CLAIMREF001*11~
CAS*CO*45*1997.88~
SVC*HC:22551*6992.57*4994.69**1~
DTM*472*20241206~
CLP*MMC2024000260*1*696.54*497.53*0*12*CLAIMREF001*11~
CAS*CO*45*199.01~
SVC*HC:99213*696.54*497.53**1~
DTM*472*20241220~
CLP*MMC2024000001*1*5961.98*4258.56*0*12*CLAIMREF001*11~
CAS*CO*45*1703.42~
SVC*HC:27447*5961.98*4258.56**1~
DTM*472*20241201~
CLP*MMC2024000820*1*120.88*86.34*0*12*CLAIMREF001*11~
CAS*CO*45*34.54~
SVC*HC:36415*120.88*86.34**1~
DTM*472*20241221~
CLP*MMC2024000814*1*551.33*393.81*0*12*CLAIMREF001*11~
CAS*CO*45*157.52~
SVC*HC:93000*551.33*393.81**1~
DTM*472*20241215~
CLP*MMC2024000828*1*113.27*80.91*0*12*CLAIMREF001*11~
CAS*CO*45*32.36~
SVC*HC:36415*113.27*80.91**1~
DTM*472*20241212~
CLP*MMC2024000443*1*1311.86*937.04*0*12*CLAIMREF001*11~
CAS*CO*45*374.82~
SVC*HC:99395*1311.86*937.04**1~
DTM*472*20241208~
CLP*MMC2024000652*1*281.04*200.74*0*12*CLAIMREF001*11~
CAS*CO*45*80.30~
SVC*HC:80053*281.04*200.74**1~
DTM*472*20241225~
CLP*MMC2024000957*1*1233.36*880.97*0*12*CLAIMREF001*11~
CAS*CO*45*352.39~
SVC*HC:99232*1233.36*880.97**1~
DTM*472*20241209~
CLP*MMC2024000130*1*708.34*505.96*0*12*CLAIMREF001*11~
CAS*CO*45*202.38~
SVC*HC:99213*708.34*505.96**1~
DTM*472*20241203~
CLP*MMC2024000223*1*685.96*489.97*0*12*CLAIMREF001*11~
CAS*CO*45*195.99~
SVC*HC:99213*685.96*489.97**1~
DTM*472*20241222~
CLP*MMC2024000003*1*5717.25*4083.75*0*12*CLAIMREF001*11~
CAS*CO*45*1633.50~
SVC*HC:27447*5717.25*4083.75**1~
DTM*472*20241224~
CLP*MMC2024000523*1*1524.71*1089.08*0*12*CLAIMREF001*11~
CAS*CO*45*435.63~
SVC*HC:99396*1524.71*1089.08**1~
DTM*472*20241225~
CLP*MMC2024000880*1*122.54*87.53*0*12*CLAIMREF001*11~
CAS*CO*45*35.01~
SVC*HC:36415*122.54*87.53**1~
DTM*472*20241214~
CLP*MMC2024000393*1*968.95*692.11*0*12*CLAIMREF001*11~
CAS*CO*45*276.84~
SVC*HC:99214*968.95*692.11**1~
DTM*472*20241214~
CLP*MMC2024000440*1*945.81*675.58*0*12*CLAIMREF001*11~
CAS*CO*45*270.23~
SVC*HC:99214*945.81*675.58**1~
DTM*472*20241208~
CLP*MMC2024000563*1*1510.54*1078.96*0*12*CLAIMREF001*11~
CAS*CO*45*431.58~
SVC*HC:99396*1510.54*1078.96**1~
DTM*472*20241215~
CLP*MMC2024000350*1*936.84*669.17*0*12*CLAIMREF001*11~
CAS*CO*45*267.67~
SVC*HC:99214*936.84*669.17**1~
DTM*472*20241219~
CLP*MMC2024000013*1*2814.48*2010.34*0*12*CLAIMREF001*11~
CAS*CO*45*804.14~
SVC*HC:29881*2814.48*2010.34**1~
DTM*472*20241201~
CLP*MMC2024000775*1*545.52*389.66*0*12*CLAIMREF001*11~
CAS*CO*45*155.86~
SVC*HC:93000*545.52*389.66**1~
DTM*472*20241206~
CLP*MMC2024000430*1*1000.76*714.83*0*12*CLAIMREF001*11~
CAS*CO*45*285.93~
SVC*HC:99214*1000.76*714.83**1~
DTM*472*20241214~
CLP*MMC2024000135*1*662.34*473.10*0*12*CLAIMREF001*11~
CAS*CO*45*189.24~
SVC*HC:99213*662.34*473.10**1~
DTM*472*20241201~
CLP*MMC2024000016*1*2669.35*1906.68*0*12*CLAIMREF001*11~
CAS*CO*45*762.67~
SVC*HC:29881*2669.35*1906.68**1~
DTM*472*20241207~
CLP*MMC2024000935*1*2365.27*1689.48*0*12*CLAIMREF001*11~
CAS*CO*45*675.79~
SVC*HC:99283*2365.27*1689.48**1~
DTM*472*20241221~
CLP*MMC2024000048*1*612.29*437.35*0*12*CLAIMREF001*11~
CAS*CO*45*174.94~
SVC*HC:93306*612.29*437.35**1~
DTM*472*20241219~
CLP*MMC2024000848*1*120.29*85.92*0*12*CLAIMREF001*11~
CAS*CO*45*34.37~
SVC*HC:36415*120.29*85.92**1~
DTM*472*20241217~
CLP*MMC2024000140*1*719.28*513.77*0*12*CLAIMREF001*11~
CAS*CO*45*205.51~
SVC*HC:99213*719.28*513.77**1~
DTM*472*20241218~
CLP*MMC2024000357*1*969.14*692.24*0*12*CLAIMREF001*11~
CAS*CO*45*276.90~
SVC*HC:99214*969.14*692.24**1~
DTM*472*20241222~
CLP*MMC2024000449*1*1426.61*1019.01*0*12*CLAIMREF001*11~
CAS*CO*45*407.60~
SVC*HC:99395*1426.61*1019.01**1~
DTM*472*20241227~
CLP*MMC2024000091*1*377.43*269.59*0*12*CLAIMREF001*11~
CAS*CO*45*107.84~
SVC*HC:20610*377.43*269.59**1~
DTM*472*20241216~
CLP*MMC2024000571*1*297.79*212.71*0*12*CLAIMREF001*11~
CAS*CO*45*85.08~
SVC*HC:80053*297.79*212.71**1~
DTM*472*20241214~
CLP*MMC2024000743*1*248.33*177.38*0*12*CLAIMREF001*11~
CAS*CO*45*70.95~
SVC*HC:85025*248.33*177.38**1~
DTM*472*20241212~
CLP*MMC2024000373*1*1002.83*716.31*0*12*CLAIMREF001*11~
CAS*CO*45*286.52~
SVC*HC:99214*1002.83*716.31**1~
DTM*472*20241208~
CLP*MMC2024000302*1*708.13*505.81*0*12*CLAIMREF001*11~
CAS*CO*45*202.32~
SVC*HC:99213*708.13*505.81**1~
DTM*472*20241213~
CLP*MMC2024000637*1*306.60*219.00*0*12*CLAIMREF001*11~
CAS*CO*45*87.60~
SVC*HC:80053*306.60*219.00**1~
DTM*472*20241209~
CLP*MMC2024000087*1*3071.40*2193.86*0*12*CLAIMREF001*11~
CAS*CO*45*877.54~
SVC*HC:75574*3071.40*2193.86**1~
DTM*472*20241203~
CLP*MMC2024000660*1*284.14*202.96*0*12*CLAIMREF001*11~
CAS*CO*45*81.18~
SVC*HC:80053*284.14*202.96**1~
DTM*472*20241222~
CLP*MMC2024000847*1*120.67*86.19*0*12*CLAIMREF001*11~
CAS*CO*45*34.48~
SVC*HC:36415*120.67*86.19**1~
DTM*472*20241227~
CLP*MMC2024000678*1*252.63*180.45*0*12*CLAIMREF001*11~
CAS*CO*45*72.18~
SVC*HC:85025*252.63*180.45**1~
DTM*472*20241216~
CLP*MMC2024000146*1*654.98*467.84*0*12*CLAIMREF001*11~
CAS*CO*45*187.14~
SVC*HC:99213*654.98*467.84**1~
DTM*472*20241219~
CLP*MMC2024000201*1*658.10*470.07*0*12*CLAIMREF001*11~
CAS*CO*45*188.03~
SVC*HC:99213*658.10*470.07**1~
DTM*472*20241225~
CLP*MMC2024000059*1*445.10*317.93*0*12*CLAIMREF001*11~
CAS*CO*45*127.17~
SVC*HC:75571*445.10*317.93**1~
DTM*472*20241228~
CLP*MMC2024000692*1*240.95*172.11*0*12*CLAIMREF001*11~
CAS*CO*45*68.84~
SVC*HC:85025*240.95*172.11**1~
DTM*472*20241215~
CLP*MMC2024000051*1*581.87*415.62*0*12*CLAIMREF001*11~
CAS*CO*45*166.25~
SVC*HC:93306*581.87*415.62**1~
DTM*472*20241221~
CLP*MMC2024000527*1*1548.60*1106.14*0*12*CLAIMREF001*11~
CAS*CO*45*442.46~
SVC*HC:99396*1548.60*1106.14**1~
DTM*472*20241222~
CLP*MMC2024000698*1*244.90*174.93*0*12*CLAIMREF001*11~
CAS*CO*45*69.97~
SVC*HC:85025*244.90*174.93**1~
DTM*472*20241205~
CLP*MMC2024000107*1*709.97*507.12*0*12*CLAIMREF001*11~
CAS*CO*45*202.85~
SVC*HC:99213*709.97*507.12**1~
DTM*472*20241203~
CLP*MMC2024000929*1*2365.37*1689.55*0*12*CLAIMREF001*11~
CAS*CO*45*675.82~
SVC*HC:99283*2365.37*1689.55**1~
DTM*472*20241207~
CLP*MMC2024000573*1*303.86*217.04*0*12*CLAIMREF001*11~
CAS*CO*45*86.82~
SVC*HC:80053*303.86*217.04**1~
DTM*472*20241207~
CLP*MMC2024000894*1*121.42*86.73*0*12*CLAIMREF001*11~
CAS*CO*45*34.69~
SVC*HC:36415*121.42*86.73**1~
DTM*472*20241218~
CLP*MMC2024000285*1*680.30*485.93*0*12*CLAIMREF001*11~
CAS*CO*45*194.37~
SVC*HC:99213*680.30*485.93**1~
DTM*472*20241218~
CLP*MMC2024000005*1*6110.61*4364.72*0*12*CLAIMREF001*11~
CAS*CO*45*1745.89~
SVC*HC:27447*6110.61*4364.72**1~
DTM*472*20241203~
CLP*MMC2024000365*1*934.70*667.64*0*12*CLAIMREF001*11~
CAS*CO*45*267.06~
SVC*HC:99214*934.70*667.64**1~
DTM*472*20241217~
CLP*MMC2024000851*1*113.15*80.82*0*12*CLAIMREF001*11~
CAS*CO*45*32.33~
SVC*HC:36415*113.15*80.82**1~
DTM*472*20241213~
CLP*MMC2024000755*1*238.83*170.59*0*12*CLAIMREF001*11~
CAS*CO*45*68.24~
SVC*HC:85025*238.83*170.59**1~
DTM*472*20241218~
CLP*MMC2024000441*1*945.50*675.36*0*12*CLAIMREF001*11~
CAS*CO*45*270.14~
SVC*HC:99214*945.50*675.36**1~
DTM*472*20241210~
CLP*MMC2024000309*1*1000.12*714.37*0*12*CLAIMREF001*11~
CAS*CO*45*285.75~
SVC*HC:99214*1000.12*714.37**1~
DTM*472*20241227~
CLP*MMC2024000569*1*292.00*208.57*0*12*CLAIMREF001*11~
CAS*CO*45*83.43~
SVC*HC:80053*292.00*208.57**1~
DTM*472*20241212~
CLP*MMC2024000434*1*937.75*669.82*0*12*CLAIMREF001*11~
CAS*CO*45*267.93~
SVC*HC:99214*937.75*669.82**1~
DTM*472*20241207~
CLP*MMC2024000304*1*715.89*511.35*0*12*CLAIMREF001*11~
CAS*CO*45*204.54~
SVC*HC:99213*715.89*511.35**1~
DTM*472*20241201~
CLP*MMC2024000450*1*1321.60*944.00*0*12*CLAIMREF001*11~
CAS*CO*45*377.60~
SVC*HC:99395*1321.60*944.00**1~
DTM*472*20241202~
CLP*MMC2024000928*1*2533.79*1809.85*0*12*CLAIMREF001*11~
CAS*CO*45*723.94~
SVC*HC:99283*2533.79*1809.85**1~
DTM*472*20241215~
CLP*MMC2024000458*1*1362.10*972.93*0*12*CLAIMREF001*11~
CAS*CO*45*389.17~
SVC*HC:99395*1362.10*972.93**1~
DTM*472*20241220~
CLP*MMC2024000026*1*2675.29*1910.92*0*12*CLAIMREF001*11~
CAS*CO*45*764.37~
SVC*HC:73721*2675.29*1910.92**1~
DTM*472*20241212~
CLP*MMC2024000953*1*1166.16*832.97*0*12*CLAIMREF001*11~
CAS*CO*45*333.19~
SVC*HC:99232*1166.16*832.97**1~
DTM*472*20241223~
CLP*MMC2024000474*1*1347.79*962.71*0*12*CLAIMREF001*11~
CAS*CO*45*385.08~
SVC*HC:99395*1347.79*962.71**1~
DTM*472*20241222~
CLP*MMC2024000504*1*1359.05*970.75*0*12*CLAIMREF001*11~
CAS*CO*45*388.30~
SVC*HC:99395*1359.05*970.75**1~
DTM*472*20241216~
CLP*MMC2024000448*1*1332.93*952.09*0*12*CLAIMREF001*11~
CAS*CO*45*380.84~
SVC*HC:99395*1332.93*952.09**1~
DTM*472*20241205~
CLP*MMC2024000919*1*2519.17*1799.41*0*12*CLAIMREF001*11~
CAS*CO*45*719.76~
SVC*HC:99283*2519.17*1799.41**1~
DTM*472*20241204~
CLP*MMC2024000433*1*927.26*662.33*0*12*CLAIMREF001*11~
CAS*CO*45*264.93~
SVC*HC:99214*927.26*662.33**1~
DTM*472*20241225~
CLP*MMC2024000338*1*932.40*666.00*0*12*CLAIMREF001*11~
CAS*CO*45*266.40~
SVC*HC:99214*932.40*666.00**1~
DTM*472*20241205~
CLP*MMC2024000661*1*304.47*217.48*0*12*CLAIMREF001*11~
CAS*CO*45*86.99~
SVC*HC:80053*304.47*217.48**1~
DTM*472*20241205~
CLP*MMC2024000467*1*1307.61*934.01*0*12*CLAIMREF001*11~
CAS*CO*45*373.60~
SVC*HC:99395*1307.61*934.01**1~
DTM*472*20241225~
CLP*MMC2024000822*1*112.71*80.51*0*12*CLAIMREF001*11~
CAS*CO*45*32.20~
SVC*HC:36415*112.71*80.51**1~
DTM*472*20241222~
CLP*MMC2024000098*1*411.40*293.86*0*12*CLAIMREF001*11~
CAS*CO*45*117.54~
SVC*HC:20610*411.40*293.86**1~
DTM*472*20241221~
CLP*MMC2024000073*1*7408.35*5291.68*0*12*CLAIMREF001*11~
CAS*CO*45*2116.67~
SVC*HC:22551*7408.35*5291.68**1~
DTM*472*20241209~
CLP*MMC2024000199*1*712.66*509.04*0*12*CLAIMREF001*11~
CAS*CO*45*203.62~
SVC*HC:99213*712.66*509.04**1~
DTM*472*20241207~
CLP*MMC2024000083*1*2798.73*1999.09*0*12*CLAIMREF001*11~
CAS*CO*45*799.64~
SVC*HC:75574*2798.73*1999.09**1~
DTM*472*20241212~
CLP*MMC2024000642*1*289.81*207.01*0*12*CLAIMREF001*11~
CAS*CO*45*82.80~
SVC*HC:80053*289.81*207.01**1~
DTM*472*20241221~
CLP*MMC2024000783*1*537.99*384.28*0*12*CLAIMREF001*11~
CAS*CO*45*153.71~
SVC*HC:93000*537.99*384.28**1~
DTM*472*20241220~
CLP*MMC2024000102*1*373.23*266.59*0*12*CLAIMREF001*11~
CAS*CO*45*106.64~
SVC*HC:20610*373.23*266.59**1~
DTM*472*20241218~
CLP*MMC2024000252*1*665.46*475.33*0*12*CLAIMREF001*11~
CAS*CO*45*190.13~
SVC*HC:99213*665.46*475.33**1~
DTM*472*20241226~
CLP*MMC2024000529*1*1641.77*1172.69*0*12*CLAIMREF001*11~
CAS*CO*45*469.08~
SVC*HC:99396*1641.77*1172.69**1~
DTM*472*20241216~
CLP*MMC2024000379*1*994.74*710.53*0*12*CLAIMREF001*11~
CAS*CO*45*284.21~
SVC*HC:99214*994.74*710.53**1~
DTM*472*20241211~
CLP*MMC2024000337*1*998.75*713.39*0*12*CLAIMREF001*11~
CAS*CO*45*285.36~
SVC*HC:99214*998.75*713.39**1~
DTM*472*20241220~
CLP*MMC2024000366*1*1010.94*722.10*0*12*CLAIMREF001*11~
CAS*CO*45*288.84~
SVC*HC:99214*1010.94*722.10**1~
DTM*472*20241209~
CLP*MMC2024000222*1*670.18*478.70*0*12*CLAIMREF001*11~
CAS*CO*45*191.48~
SVC*HC:99213*670.18*478.70**1~
DTM*472*20241221~
CLP*MMC2024000519*1*1607.62*1148.30*0*12*CLAIMREF001*11~
CAS*CO*45*459.32~
SVC*HC:99396*1607.62*1148.30**1~
DTM*472*20241213~
CLP*MMC2024000347*1*1007.40*719.57*0*12*CLAIMREF001*11~
CAS*CO*45*287.83~
SVC*HC:99214*1007.40*719.57**1~
DTM*472*20241219~
CLP*MMC2024000582*1*307.62*219.73*0*12*CLAIMREF001*11~
CAS*CO*45*87.89~
SVC*HC:80053*307.62*219.73**1~
DTM*472*20241220~
CLP*MMC2024000190*1*699.41*499.58*0*12*CLAIMREF001*11~
CAS*CO*45*199.83~
SVC*HC:99213*699.41*499.58**1~
DTM*472*20241218~
CLP*MMC2024000374*1*990.16*707.26*0*12*CLAIMREF001*11~
CAS*CO*45*282.90~
SVC*HC:99214*990.16*707.26**1~
DTM*472*20241219~
CLP*MMC2024000055*1*602.52*430.37*0*12*CLAIMREF001*11~
CAS*CO*45*172.15~
SVC*HC:93306*602.52*430.37**1~
DTM*472*20241214~
CLP*MMC2024000473*1*1366.53*976.09*0*12*CLAIMREF001*11~
CAS*CO*45*390.44~
SVC*HC:99395*1366.53*976.09**1~
DTM*472*20241214~
CLP*MMC2024000078*1*962.37*687.41*0*12*CLAIMREF001*11~
CAS*CO*45*274.96~
SVC*HC:93350*962.37*687.41**1~
DTM*472*20241205~
CLP*MMC2024000086*1*2810.02*2007.16*0*12*CLAIMREF001*11~
CAS*CO*45*802.86~
SVC*HC:75574*2810.02*2007.16**1~
DTM*472*20241219~
CLP*MMC2024000551*1*1587.39*1133.85*0*12*CLAIMREF001*11~
CAS*CO*45*453.54~
SVC*HC:99396*1587.39*1133.85**1~
DTM*472*20241228~
CLP*MMC2024000123*1*664.09*474.35*0*12*CLAIMREF001*11~
CAS*CO*45*189.74~
SVC*HC:99213*664.09*474.35**1~
DTM*472*20241215~
CLP*MMC2024000056*1*611.39*436.71*0*12*CLAIMREF001*11~
CAS*CO*45*174.68~
SVC*HC:93306*611.39*436.71**1~
DTM*472*20241213~
CLP*MMC2024000665*1*286.82*204.87*0*12*CLAIMREF001*11~
CAS*CO*45*81.95~
SVC*HC:80053*286.82*204.87**1~
DTM*472*20241205~
CLP*MMC2024000172*1*671.79*479.85*0*12*CLAIMREF001*11~
CAS*CO*45*191.94~
SVC*HC:99213*671.79*479.85**1~
DTM*472*20241226~
CLP*MMC2024000930*1*2367.06*1690.76*0*12*CLAIMREF001*11~
CAS*CO*45*676.30~
SVC*HC:99283*2367.06*1690.76**1~
DTM*472*20241207~
CLP*MMC2024000151*1*691.84*494.17*0*12*CLAIMREF001*11~
CAS*CO*45*197.67~
SVC*HC:99213*691.84*494.17**1~
DTM*472*20241222~
CLP*MMC2024000603*1*307.44*219.60*0*12*CLAIMREF001*11~
CAS*CO*45*87.84~
SVC*HC:80053*307.44*219.60**1~
DTM*472*20241210~
CLP*MMC2024000300*1*673.74*481.24*0*12*CLAIMREF001*11~
CAS*CO*45*192.50~
SVC*HC:99213*673.74*481.24**1~
DTM*472*20241215~
CLP*MMC2024000240*1*714.15*510.11*0*12*CLAIMREF001*11~
CAS*CO*45*204.04~
SVC*HC:99213*714.15*510.11**1~
DTM*472*20241220~
CLP*MMC2024000019*1*2619.90*1871.36*0*12*CLAIMREF001*11~
CAS*CO*45*748.54~
SVC*HC:29881*2619.90*1871.36**1~
DTM*472*20241228~
CLP*MMC2024000224*1*718.30*513.07*0*12*CLAIMREF001*11~
CAS*CO*45*205.23~
SVC*HC:99213*718.30*513.07**1~
DTM*472*20241218~
CLP*MMC2024000011*1*2742.26*1958.76*0*12*CLAIMREF001*11~
CAS*CO*45*783.50~
SVC*HC:29881*2742.26*1958.76**1~
DTM*472*20241208~
CLP*MMC2024000516*1*1564.82*1117.73*0*12*CLAIMREF001*11~
CAS*CO*45*447.09~
SVC*HC:99396*1564.82*1117.73**1~
DTM*472*20241205~
CLP*MMC2024000963*1*1228.02*877.16*0*12*CLAIMREF001*11~
CAS*CO*45*350.86~
SVC*HC:99232*1228.02*877.16**1~
DTM*472*20241205~
CLP*MMC2024000499*1*1427.23*1019.45*0*12*CLAIMREF001*11~
CAS*CO*45*407.78~
SVC*HC:99395*1427.23*1019.45**1~
DTM*472*20241215~
CLP*MMC2024000438*1*917.94*655.67*0*12*CLAIMREF001*11~
CAS*CO*45*262.27~
SVC*HC:99214*917.94*655.67**1~
DTM*472*20241215~
CLP*MMC2024000958*1*1191.22*850.87*0*12*CLAIMREF001*11~
CAS*CO*45*340.35~
SVC*HC:99232*1191.22*850.87**1~
DTM*472*20241226~
CLP*MMC2024000014*1*2800.66*2000.47*0*12*CLAIMREF001*11~
CAS*CO*45*800.19~
SVC*HC:29881*2800.66*2000.47**1~
DTM*472*20241206~
CLP*MMC2024000817*1*577.96*412.83*0*12*CLAIMREF001*11~
CAS*CO*45*165.13~
SVC*HC:93000*577.96*412.83**1~
DTM*472*20241213~
CLP*MMC2024000766*1*236.14*168.67*0*12*CLAIMREF001*11~
CAS*CO*45*67.47~
SVC*HC:85025*236.14*168.67**1~
DTM*472*20241211~
CLP*MMC2024000882*1*116.00*82.86*0*12*CLAIMREF001*11~
CAS*CO*45*33.14~
SVC*HC:36415*116.00*82.86**1~
DTM*472*20241213~
CLP*MMC2024000826*1*121.87*87.05*0*12*CLAIMREF001*11~
CAS*CO*45*34.82~
SVC*HC:36415*121.87*87.05**1~
DTM*472*20241211~
CLP*MMC2024000364*1*986.01*704.29*0*12*CLAIMREF001*11~
CAS*CO*45*281.72~
SVC*HC:99214*986.01*704.29**1~
DTM*472*20241214~
CLP*MMC2024000266*1*718.48*513.20*0*12*CLAIMREF001*11~
CAS*CO*45*205.28~
SVC*HC:99213*718.48*513.20**1~
DTM*472*20241220~
CLP*MMC2024000597*1*288.62*206.16*0*12*CLAIMREF001*11~
CAS*CO*45*82.46~
SVC*HC:80053*288.62*206.16**1~
DTM*472*20241214~
CLP*MMC2024000970*1*1195.87*854.19*0*12*CLAIMREF001*11~
CAS*CO*45*341.68~
SVC*HC:99232*1195.87*854.19**1~
DTM*472*20241212~
CLP*MMC2024000722*1*236.26*168.76*0*12*CLAIMREF001*11~
CAS*CO*45*67.50~
SVC*HC:85025*236.26*168.76**1~
DTM*472*20241222~
CLP*MMC2024000021*1*2655.11*1896.51*0*12*CLAIMREF001*11~
CAS*CO*45*758.60~
SVC*HC:73721*2655.11*1896.51**1~
DTM*472*20241224~
CLP*MMC2024000475*1*1316.45*940.32*0*12*CLAIMREF001*11~
CAS*CO*45*376.13~
SVC*HC:99395*1316.45*940.32**1~
DTM*472*20241206~
CLP*MMC2024000951*1*1193.74*852.67*0*12*CLAIMREF001*11~
CAS*CO*45*341.07~
SVC*HC:99232*1193.74*852.67**1~
DTM*472*20241210~
CLP*MMC2024000634*1*300.37*214.55*0*12*CLAIMREF001*11~
CAS*CO*45*85.82~
SVC*HC:80053*300.37*214.55**1~
DTM*472*20241214~
CLP*MMC2024000392*1*953.32*680.94*0*12*CLAIMREF001*11~
CAS*CO*45*272.38~
SVC*HC:99214*953.32*680.94**1~
DTM*472*20241218~
CLP*MMC2024000063*1*429.00*306.43*0*12*CLAIMREF001*11~
CAS*CO*45*122.57~
SVC*HC:75571*429.00*306.43**1~
DTM*472*20241220~
CLP*MMC2024000688*1*238.08*170.06*0*12*CLAIMREF001*11~
CAS*CO*45*68.02~
SVC*HC:85025*238.08*170.06**1~
DTM*472*20241223~
CLP*MMC2024000615*1*301.03*215.02*0*12*CLAIMREF001*11~
CAS*CO*45*86.01~
SVC*HC:80053*301.03*215.02**1~
DTM*472*20241209~
CLP*MMC2024000505*1*1436.46*1026.04*0*12*CLAIMREF001*11~
CAS*CO*45*410.42~
SVC*HC:99395*1436.46*1026.04**1~
DTM*472*20241208~
CLP*MMC2024000283*1*712.14*508.67*0*12*CLAIMREF001*11~
CAS*CO*45*203.47~
SVC*HC:99213*712.14*508.67**1~
DTM*472*20241220~
CLP*MMC2024000377*1*999.88*714.20*0*12*CLAIMREF001*11~
CAS*CO*45*285.68~
SVC*HC:99214*999.88*714.20**1~
DTM*472*20241206~
CLP*MMC2024000326*1*938.13*670.09*0*12*CLAIMREF001*11~
CAS*CO*45*268.04~
SVC*HC:99214*938.13*670.09**1~
DTM*472*20241211~
CLP*MMC2024000636*1*293.40*209.57*0*12*CLAIMREF001*11~
CAS*CO*45*83.83~
SVC*HC:80053*293.40*209.57**1~
DTM*472*20241214~
CLP*MMC2024000268*1*682.26*487.33*0*12*CLAIMREF001*11~
CAS*CO*45*194.93~
SVC*HC:99213*682.26*487.33**1~
DTM*472*20241221~
CLP*MMC2024000116*1*675.33*482.38*0*12*CLAIMREF001*11~
CAS*CO*45*192.95~
SVC*HC:99213*675.33*482.38**1~
DTM*472*20241214~
CLP*MMC2024000792*1*544.59*388.99*0*12*CLAIMREF001*11~
CAS*CO*45*155.60~
SVC*HC:93000*544.59*388.99**1~
DTM*472*20241215~
CLP*MMC2024000898*1*115.15*82.25*0*12*CLAIMREF001*11~
CAS*CO*45*32.90~
SVC*HC:36415*115.15*82.25**1~
DTM*472*20241202~
CLP*MMC2024000760*1*236.67*169.05*0*12*CLAIMREF001*11~
CAS*CO*45*67.62~
SVC*HC:85025*236.67*169.05**1~
DTM*472*20241201~
CLP*MMC2024000614*1*292.38*208.84*0*12*CLAIMREF001*11~
CAS*CO*45*83.54~
SVC*HC:80053*292.38*208.84**1~
DTM*472*20241222~
CLP*MMC2024000780*1*580.20*414.43*0*12*CLAIMREF001*11~
CAS*CO*45*165.77~
SVC*HC:93000*580.20*414.43**1~
DTM*472*20241221~
CLP*MMC2024000398*1*987.35*705.25*0*12*CLAIMREF001*11~
CAS*CO*45*282.10~
SVC*HC:99214*987.35*705.25**1~
DTM*472*20241211~
CLP*MMC2024000863*1*113.89*81.35*0*12*CLAIMREF001*11~
CAS*CO*45*32.54~
SVC*HC:36415*113.89*81.35**1~
DTM*472*20241222~
CLP*MMC2024000214*1*653.70*466.93*0*12*CLAIMREF001*11~
CAS*CO*45*186.77~
SVC*HC:99213*653.70*466.93**1~
DTM*472*20241216~
CLP*MMC2024000290*1*670.05*478.61*0*12*CLAIMREF001*11~
CAS*CO*45*191.44~
SVC*HC:99213*670.05*478.61**1~
DTM*472*20241225~
CLP*MMC2024000947*1*1125.36*803.83*0*12*CLAIMREF001*11~
CAS*CO*45*321.53~
SVC*HC:99232*1125.36*803.83**1~
DTM*472*20241220~
CLP*MMC2024000791*1*544.98*389.27*0*12*CLAIMREF001*11~
CAS*CO*45*155.71~
SVC*HC:93000*544.98*389.27**1~
DTM*472*20241221~
CLP*MMC2024000726*1*258.48*184.63*0*12*CLAIMREF001*11~
CAS*CO*45*73.85~
SVC*HC:85025*258.48*184.63**1~
DTM*472*20241212~
CLP*MMC2024000303*1*713.06*509.33*0*12*CLAIMREF001*11~
CAS*CO*45*203.73~
SVC*HC:99213*713.06*509.33**1~
DTM*472*20241219~
CLP*MMC2024000756*1*253.08*180.77*0*12*CLAIMREF001*11~
CAS*CO*45*72.31~
SVC*HC:85025*253.08*180.77**1~
DTM*472*20241217~
CLP*MMC2024000485*1*1421.27*1015.19*0*12*CLAIMREF001*11~
CAS*CO*45*406.08~
SVC*HC:99395*1421.27*1015.19**1~
DTM*472*20241215~
CLP*MMC2024000583*1*300.92*214.94*0*12*CLAIMREF001*11~
CAS*CO*45*85.98~
SVC*HC:80053*300.92*214.94**1~
DTM*472*20241227~
CLP*MMC2024000414*1*918.86*656.33*0*12*CLAIMREF001*11~
CAS*CO*45*262.53~
SVC*HC:99214*918.86*656.33**1~
DTM*472*20241210~
CLP*MMC2024000545*1*1564.56*1117.54*0*12*CLAIMREF001*11~
CAS*CO*45*447.02~
SVC*HC:99396*1564.56*1117.54**1~
DTM*472*20241218~
CLP*MMC2024000154*1*667.93*477.09*0*12*CLAIMREF001*11~
CAS*CO*45*190.84~
SVC*HC:99213*667.93*477.09**1~
DTM*472*20241220~
CLP*MMC2024000212*1*661.96*472.83*0*12*CLAIMREF001*11~
CAS*CO*45*189.13~
SVC*HC:99213*661.96*472.83**1~
DTM*472*20241223~
CLP*MMC2024000437*1*971.00*693.57*0*12*CLAIMREF001*11~
CAS*CO*45*277.43~
SVC*HC:99214*971.00*693.57**1~
DTM*472*20241206~
CLP*MMC2024000445*1*1410.56*1007.54*0*12*CLAIMREF001*11~
CAS*CO*45*403.02~
SVC*HC:99395*1410.56*1007.54**1~
DTM*472*20241219~
CLP*MMC2024000074*1*996.93*712.09*0*12*CLAIMREF001*11~
CAS*CO*45*284.84~
SVC*HC:93350*996.93*712.09**1~
DTM*472*20241225~
CLP*MMC2024000803*1*559.24*399.46*0*12*CLAIMREF001*11~
CAS*CO*45*159.78~
SVC*HC:93000*559.24*399.46**1~
DTM*472*20241226~
CLP*MMC2024000690*1*251.76*179.83*0*12*CLAIMREF001*11~
CAS*CO*45*71.93~
SVC*HC:85025*251.76*179.83**1~
DTM*472*20241225~
CLP*MMC2024000165*1*719.47*513.91*0*12*CLAIMREF001*11~
CAS*CO*45*205.56~
SVC*HC:99213*719.47*513.91**1~
DTM*472*20241204~
CLP*MMC2024000741*1*250.67*179.05*0*12*CLAIMREF001*11~
CAS*CO*45*71.62~
SVC*HC:85025*250.67*179.05**1~
DTM*472*20241214~
CLP*MMC2024000807*1*544.88*389.20*0*12*CLAIMREF001*11~
CAS*CO*45*155.68~
SVC*HC:93000*544.88*389.20**1~
DTM*472*20241216~
CLP*MMC2024000149*1*716.90*512.07*0*12*CLAIMREF001*11~
CAS*CO*45*204.83~
SVC*HC:99213*716.90*512.07**1~
DTM*472*20241203~
CLP*MMC2024000447*1*1360.38*971.70*0*12*CLAIMREF001*11~
CAS*CO*45*388.68~
SVC*HC:99395*1360.38*971.70**1~
DTM*472*20241218~
CLP*MMC2024000477*1*1370.01*978.58*0*12*CLAIMREF001*11~
CAS*CO*45*391.43~
SVC*HC:99395*1370.01*978.58**1~
DTM*472*20241222~
CLP*MMC2024000384*1*941.00*672.14*0*12*CLAIMREF001*11~
CAS*CO*45*268.86~
SVC*HC:99214*941.00*672.14**1~
DTM*472*20241214~
CLP*MMC2024000367*1*977.17*697.98*0*12*CLAIMREF001*11~
CAS*CO*45*279.19~
SVC*HC:99214*977.17*697.98**1~
DTM*472*20241218~
CLP*MMC2024000646*1*292.38*208.84*0*12*CLAIMREF001*11~
CAS*CO*45*83.54~
SVC*HC:80053*292.38*208.84**1~
DTM*472*20241222~
CLP*MMC2024000120*1*655.21*468.01*0*12*CLAIMREF001*11~
CAS*CO*45*187.20~
SVC*HC:99213*655.21*468.01**1~
DTM*472*20241224~
CLP*MMC2024000225*1*673.75*481.25*0*12*CLAIMREF001*11~
CAS*CO*45*192.50~
SVC*HC:99213*673.75*481.25**1~
DTM*472*20241201~
CLP*MMC2024000481*1*1336.71*954.79*0*12*CLAIMREF001*11~
CAS*CO*45*381.92~
SVC*HC:99395*1336.71*954.79**1~
DTM*472*20241204~
CLP*MMC2024000023*1*2697.87*1927.05*0*12*CLAIMREF001*11~
CAS*CO*45*770.82~
SVC*HC:73721*2697.87*1927.05**1~
DTM*472*20241213~
CLP*MMC2024000759*1*245.46*175.33*0*12*CLAIMREF001*11~
CAS*CO*45*70.13~
SVC*HC:85025*245.46*175.33**1~
DTM*472*20241224~
CLP*MMC2024000025*1*2660.85*1900.61*0*12*CLAIMREF001*11~
CAS*CO*45*760.24~
SVC*HC:73721*2660.85*1900.61**1~
DTM*472*20241220~
CLP*MMC2024000385*1*964.87*689.19*0*12*CLAIMREF001*11~
CAS*CO*45*275.68~
SVC*HC:99214*964.87*689.19**1~
DTM*472*20241225~
CLP*MMC2024000648*1*296.56*211.83*0*12*CLAIMREF001*11~
CAS*CO*45*84.73~
SVC*HC:80053*296.56*211.83**1~
DTM*472*20241201~
CLP*MMC2024000966*1*1130.92*807.80*0*12*CLAIMREF001*11~
CAS*CO*45*323.12~
SVC*HC:99232*1130.92*807.80**1~
DTM*472*20241208~
CLP*MMC2024000555*1*1496.91*1069.22*0*12*CLAIMREF001*11~
CAS*CO*45*427.69~
SVC*HC:99396*1496.91*1069.22**1~
DTM*472*20241212~
CLP*MMC2024000035*1*5165.45*3689.61*0*12*CLAIMREF001*11~
CAS*CO*45*1475.84~
SVC*HC:27130*5165.45*3689.61**1~
DTM*472*20241209~
CLP*MMC2024000419*1*923.99*659.99*0*12*CLAIMREF001*11~
CAS*CO*45*264.00~
SVC*HC:99214*923.99*659.99**1~
DTM*472*20241216~
CLP*MMC2024000124*1*660.66*471.90*0*12*CLAIMREF001*11~
CAS*CO*45*188.76~
SVC*HC:99213*660.66*471.90**1~
DTM*472*20241206~
CLP*MMC2024000715*1*238.31*170.22*0*12*CLAIMREF001*11~
CAS*CO*45*68.09~
SVC*HC:85025*238.31*170.22**1~
DTM*472*20241228~
CLP*MMC2024000215*1*666.30*475.93*0*12*CLAIMREF001*11~
CAS*CO*45*190.37~
SVC*HC:99213*666.30*475.93**1~
DTM*472*20241227~
CLP*MMC2024000943*1*1174.39*838.85*0*12*CLAIMREF001*11~
CAS*CO*45*335.54~
SVC*HC:99232*1174.39*838.85**1~
DTM*472*20241216~
CLP*MMC2024000498*1*1314.88*939.20*0*12*CLAIMREF001*11~
CAS*CO*45*375.68~
SVC*HC:99395*1314.88*939.20**1~
DTM*472*20241227~
CLP*MMC2024000097*1*400.34*285.96*0*12*CLAIMREF001*11~
CAS*CO*45*114.38~
SVC*HC:20610*400.34*285.96**1~
DTM*472*20241213~
CLP*MMC2024000611*1*295.39*210.99*0*12*CLAIMREF001*11~
CAS*CO*45*84.40~
SVC*HC:80053*295.39*210.99**1~
DTM*472*20241203~
CLP*MMC2024000080*1*955.75*682.68*0*12*CLAIMREF001*11~
CAS*CO*45*273.07~
SVC*HC:93350*955.75*682.68**1~
DTM*472*20241225~
CLP*MMC2024000857*1*120.06*85.76*0*12*CLAIMREF001*11~
CAS*CO*45*34.30~
SVC*HC:36415*120.06*85.76**1~
DTM*472*20241215~
CLP*MMC2024000236*1*687.96*491.40*0*12*CLAIMREF001*11~
CAS*CO*45*196.56~
SVC*HC:99213*687.96*491.40**1~
DTM*472*20241224~
CLP*MMC2024000418*1*963.82*688.44*0*12*CLAIMREF001*11~
CAS*CO*45*275.38~
SVC*HC:99214*963.82*688.44**1~
DTM*472*20241227~
CLP*MMC2024000118*1*654.77*467.69*0*12*CLAIMREF001*11~
CAS*CO*45*187.08~
SVC*HC:99213*654.77*467.69**1~
DTM*472*20241221~
CLP*MMC2024000742*1*242.40*173.14*0*12*CLAIMREF001*11~
CAS*CO*45*69.26~
SVC*HC:85025*242.40*173.14**1~
DTM*472*20241225~
CLP*MMC2024000273*1*712.22*508.73*0*12*CLAIMREF001*11~
CAS*CO*45*203.49~
SVC*HC:99213*712.22*508.73**1~
DTM*472*20241228~
CLP*MMC2024000218*1*710.77*507.69*0*12*CLAIMREF001*11~
CAS*CO*45*203.08~
SVC*HC:99213*710.77*507.69**1~
DTM*472*20241208~
CLP*MMC2024000800*1*562.81*402.01*0*12*CLAIMREF001*11~
CAS*CO*45*160.80~
SVC*HC:93000*562.81*402.01**1~
DTM*472*20241228~
CLP*MMC2024000533*1*1625.06*1160.76*0*12*CLAIMREF001*11~
CAS*CO*45*464.30~
SVC*HC:99396*1625.06*1160.76**1~
DTM*472*20241215~
CLP*MMC2024000668*1*247.44*176.74*0*12*CLAIMREF001*11~
CAS*CO*45*70.70~
SVC*HC:85025*247.44*176.74**1~
DTM*472*20241225~
CLP*MMC2024000701*1*237.73*169.81*0*12*CLAIMREF001*11~
CAS*CO*45*67.92~
SVC*HC:85025*237.73*169.81**1~
DTM*472*20241214~
CLP*MMC2024000629*1*305.09*217.92*0*12*CLAIMREF001*11~
CAS*CO*45*87.17~
SVC*HC:80053*305.09*217.92**1~
DTM*472*20241205~
CLP*MMC2024000115*1*657.69*469.78*0*12*CLAIMREF001*11~
CAS*CO*45*187.91~
SVC*HC:99213*657.69*469.78**1~
DTM*472*20241214~
CLP*MMC2024000066*1*449.65*321.18*0*12*CLAIMREF001*11~
CAS*CO*45*128.47~
SVC*HC:75571*449.65*321.18**1~
DTM*472*20241201~
CLP*MMC2024000410*1*1011.79*722.71*0*12*CLAIMREF001*11~
CAS*CO*45*289.08~
SVC*HC:99214*1011.79*722.71**1~
DTM*472*20241218~
CLP*MMC2024000836*1*121.35*86.68*0*12*CLAIMREF001*11~
CAS*CO*45*34.67~
SVC*HC:36415*121.35*86.68**1~
DTM*472*20241224~
CLP*MMC2024000680*1*237.44*169.60*0*12*CLAIMREF001*11~
CAS*CO*45*67.84~
SVC*HC:85025*237.44*169.60**1~
DTM*472*20241203~
CLP*MMC2024000534*1*1503.74*1074.10*0*12*CLAIMREF001*11~
CAS*CO*45*429.64~
SVC*HC:99396*1503.74*1074.10**1~
DTM*472*20241215~
CLP*MMC2024000713*1*240.90*172.07*0*12*CLAIMREF001*11~
CAS*CO*45*68.83~
SVC*HC:85025*240.90*172.07**1~
DTM*472*20241222~
CLP*MMC2024000907*1*115.75*82.68*0*12*CLAIMREF001*11~
CAS*CO*45*33.07~
SVC*HC:36415*115.75*82.68**1~
DTM*472*20241219~
CLP*MMC2024000459*1*1307.57*933.98*0*12*CLAIMREF001*11~
CAS*CO*45*373.59~
SVC*HC:99395*1307.57*933.98**1~
DTM*472*20241214~
CLP*MMC2024000435*1*943.24*673.74*0*12*CLAIMREF001*11~
CAS*CO*45*269.50~
SVC*HC:99214*943.24*673.74**1~
DTM*472*20241203~
CLP*MMC2024000277*1*686.55*490.39*0*12*CLAIMREF001*11~
CAS*CO*45*196.16~
SVC*HC:99213*686.55*490.39**1~
DTM*472*20241202~
CLP*MMC2024000548*1*1632.39*1165.99*0*12*CLAIMREF001*11~
CAS*CO*45*466.40~
SVC*HC:99396*1632.39*1165.99**1~
DTM*472*20241208~
CLP*MMC2024000709*1*246.11*175.79*0*12*CLAIMREF001*11~
CAS*CO*45*70.32~
SVC*HC:85025*246.11*175.79**1~
DTM*472*20241224~
CLP*MMC2024000193*1*713.01*509.29*0*12*CLAIMREF001*11~
CAS*CO*45*203.72~
SVC*HC:99213*713.01*509.29**1~
DTM*472*20241218~
CLP*MMC2024000194*1*653.52*466.80*0*12*CLAIMREF001*11~
CAS*CO*45*186.72~
SVC*HC:99213*653.52*466.80**1~
DTM*472*20241212~
CLP*MMC2024000903*1*117.91*84.22*0*12*CLAIMREF001*11~
CAS*CO*45*33.69~
SVC*HC:36415*117.91*84.22**1~
DTM*472*20241221~
CLP*MMC2024000623*1*297.68*212.63*0*12*CLAIMREF001*11~
CAS*CO*45*85.05~
SVC*HC:80053*297.68*212.63**1~
DTM*472*20241215~
CLP*MMC2024000619*1*292.87*209.19*0*12*CLAIMREF001*11~
CAS*CO*45*83.68~
SVC*HC:80053*292.87*209.19**1~
DTM*472*20241220~
CLP*MMC2024000804*1*568.04*405.74*0*12*CLAIMREF001*11~
CAS*CO*45*162.30~
SVC*HC:93000*568.04*405.74**1~
DTM*472*20241202~
CLP*MMC2024000934*1*2490.88*1779.20*0*12*CLAIMREF001*11~
CAS*CO*45*711.68~
SVC*HC:99283*2490.88*1779.20**1~
DTM*472*20241209~
CLP*MMC2024000829*1*115.25*82.32*0*12*CLAIMREF001*11~
CAS*CO*45*32.93~
SVC*HC:36415*115.25*82.32**1~
DTM*472*20241221~
CLP*MMC2024000070*1*7240.65*5171.89*0*12*CLAIMREF001*11~
CAS*CO*45*2068.76~
SVC*HC:22551*7240.65*5171.89**1~
DTM*472*20241204~
CLP*MMC2024000733*1*246.88*176.34*0*12*CLAIMREF001*11~
CAS*CO*45*70.54~
SVC*HC:85025*246.88*176.34**1~
DTM*472*20241206~
CLP*MMC2024000210*1*696.96*497.83*0*12*CLAIMREF001*11~
CAS*CO*45*199.13~
SVC*HC:99213*696.96*497.83**1~
DTM*472*20241224~
CLP*MMC2024000147*1*683.73*488.38*0*12*CLAIMREF001*11~
CAS*CO*45*195.35~
SVC*HC:99213*683.73*488.38**1~
DTM*472*20241228~
CLP*MMC2024000017*1*2854.82*2039.16*0*12*CLAIMREF001*11~
CAS*CO*45*815.66~
SVC*HC:29881*2854.82*2039.16**1~
DTM*472*20241211~
CLP*MMC2024000425*1*971.59*693.99*0*12*CLAIMREF001*11~
CAS*CO*45*277.60~
SVC*HC:99214*971.59*693.99**1~
DTM*472*20241214~
CLP*MMC2024000036*1*5427.37*3876.69*0*12*CLAIMREF001*11~
CAS*CO*45*1550.68~
SVC*HC:27130*5427.37*3876.69**1~
DTM*472*20241222~
CLP*MMC2024000031*1*2507.16*1790.83*0*12*CLAIMREF001*11~
CAS*CO*45*716.33~
SVC*HC:73721*2507.16*1790.83**1~
DTM*472*20241204~
CLP*MMC2024000561*1*1548.05*1105.75*0*12*CLAIMREF001*11~
CAS*CO*45*442.30~
SVC*HC:99396*1548.05*1105.75**1~
DTM*472*20241222~
CLP*MMC2024000691*1*249.30*178.07*0*12*CLAIMREF001*11~
CAS*CO*45*71.23~
SVC*HC:85025*249.30*178.07**1~
DTM*472*20241228~
CLP*MMC2024000359*1*980.22*700.16*0*12*CLAIMREF001*11~
CAS*CO*45*280.06~
SVC*HC:99214*980.22*700.16**1~
DTM*472*20241201~
CLP*MMC2024000931*1*2575.89*1839.92*0*12*CLAIMREF001*11~
CAS*CO*45*735.97~
SVC*HC:99283*2575.89*1839.92**1~
DTM*472*20241211~
CLP*MMC2024000217*1*671.97*479.98*0*12*CLAIMREF001*11~
CAS*CO*45*191.99~
SVC*HC:99213*671.97*479.98**1~
DTM*472*20241226~
CLP*MMC2024000734*1*244.80*174.86*0*12*CLAIMREF001*11~
CAS*CO*45*69.94~
SVC*HC:85025*244.80*174.86**1~
DTM*472*20241224~
CLP*MMC2024000960*1*1194.94*853.53*0*12*CLAIMREF001*11~
CAS*CO*45*341.41~
SVC*HC:99232*1194.94*853.53**1~
DTM*472*20241213~
CLP*MMC2024000524*1*1552.47*1108.91*0*12*CLAIMREF001*11~
CAS*CO*45*443.56~
SVC*HC:99396*1552.47*1108.91**1~
DTM*472*20241211~
CLP*MMC2024000875*1*112.59*80.42*0*12*CLAIMREF001*11~
CAS*CO*45*32.17~
SVC*HC:36415*112.59*80.42**1~
DTM*472*20241206~
CLP*MMC2024000002*1*6022.03*4301.45*0*12*CLAIMREF001*11~
CAS*CO*45*1720.58~
SVC*HC:27447*6022.03*4301.45**1~
DTM*472*20241208~
CLP*MMC2024000131*1*714.53*510.38*0*12*CLAIMREF001*11~
CAS*CO*45*204.15~
SVC*HC:99213*714.53*510.38**1~
DTM*472*20241228~
CLP*MMC2024000203*1*678.90*484.93*0*12*CLAIMREF001*11~
CAS*CO*45*193.97~
SVC*HC:99213*678.90*484.93**1~
DTM*472*20241220~
CLP*MMC2024000012*1*2716.14*1940.10*0*12*CLAIMREF001*11~
CAS*CO*45*776.04~
SVC*HC:29881*2716.14*1940.10**1~
DTM*472*20241209~
CLP*MMC2024000932*1*2587.69*1848.35*0*12*CLAIMREF001*11~
CAS*CO*45*739.34~
SVC*HC:99283*2587.69*1848.35**1~
DTM*472*20241217~
CLP*MMC2024000781*1*572.26*408.76*0*12*CLAIMREF001*11~
CAS*CO*45*163.50~
SVC*HC:93000*572.26*408.76**1~
DTM*472*20241208~
CLP*MMC2024000858*1*118.78*84.84*0*12*CLAIMREF001*11~
CAS*CO*45*33.94~
SVC*HC:36415*118.78*84.84**1~
DTM*472*20241225~
CLP*MMC2024000237*1*715.50*511.07*0*12*CLAIMREF001*11~
CAS*CO*45*204.43~
SVC*HC:99213*715.50*511.07**1~
DTM*472*20241224~
CLP*MMC2024000693*1*257.64*184.03*0*12*CLAIMREF001*11~
CAS*CO*45*73.61~
SVC*HC:85025*257.64*184.03**1~
DTM*472*20241214~
CLP*MMC2024000900*1*120.93*86.38*0*12*CLAIMREF001*11~
CAS*CO*45*34.55~
SVC*HC:36415*120.93*86.38**1~
DTM*472*20241215~
CLP*MMC2024000406*1*936.43*668.88*0*12*CLAIMREF001*11~
CAS*CO*45*267.55~
SVC*HC:99214*936.43*668.88**1~
DTM*472*20241208~
CLP*MMC2024000635*1*298.26*213.04*0*12*CLAIMREF001*11~
CAS*CO*45*85.22~
SVC*HC:80053*298.26*213.04**1~
DTM*472*20241227~
CLP*MMC2024000864*1*122.74*87.67*0*12*CLAIMREF001*11~
CAS*CO*45*35.07~
SVC*HC:36415*122.74*87.67**1~
DTM*472*20241215~
CLP*MMC2024000566*1*305.42*218.16*0*12*CLAIMREF001*11~
CAS*CO*45*87.26~
SVC*HC:80053*305.42*218.16**1~
DTM*472*20241215~
CLP*MMC2024000884*1*114.25*81.61*0*12*CLAIMREF001*11~
CAS*CO*45*32.64~
SVC*HC:36415*114.25*81.61**1~
DTM*472*20241211~
CLP*MMC2024000432*1*923.50*659.64*0*12*CLAIMREF001*11~
CAS*CO*45*263.86~
SVC*HC:99214*923.50*659.64**1~
DTM*472*20241224~
CLP*MMC2024000029*1*2505.90*1789.93*0*12*CLAIMREF001*11~
CAS*CO*45*715.97~
SVC*HC:73721*2505.90*1789.93**1~
DTM*472*20241210~
CLP*MMC2024000422*1*932.09*665.78*0*12*CLAIMREF001*11~
CAS*CO*45*266.31~
SVC*HC:99214*932.09*665.78**1~
DTM*472*20241219~
CLP*MMC2024000262*1*716.30*511.64*0*12*CLAIMREF001*11~
CAS*CO*45*204.66~
SVC*HC:99213*716.30*511.64**1~
DTM*472*20241208~
CLP*MMC2024000819*1*119.59*85.42*0*12*CLAIMREF001*11~
CAS*CO*45*34.17~
SVC*HC:36415*119.59*85.42**1~
DTM*472*20241202~
CLP*MMC2024000808*1*554.86*396.33*0*12*CLAIMREF001*11~
CAS*CO*45*158.53~
SVC*HC:93000*554.86*396.33**1~
DTM*472*20241202~
CLP*MMC2024000464*1*1382.58*987.56*0*12*CLAIMREF001*11~
CAS*CO*45*395.02~
SVC*HC:99395*1382.58*987.56**1~
DTM*472*20241201~
CLP*MMC2024000938*1*1217.80*869.86*0*12*CLAIMREF001*11~
CAS*CO*45*347.94~
SVC*HC:99232*1217.80*869.86**1~
DTM*472*20241211~
CLP*MMC2024000106*1*655.68*468.34*0*12*CLAIMREF001*11~
CAS*CO*45*187.34~
SVC*HC:99213*655.68*468.34**1~
DTM*472*20241202~
CLP*MMC2024000542*1*1593.76*1138.40*0*12*CLAIMREF001*11~
CAS*CO*45*455.36~
SVC*HC:99396*1593.76*1138.40**1~
DTM*472*20241218~
CLP*MMC2024000060*1*417.06*297.90*0*12*CLAIMREF001*11~
CAS*CO*45*119.16~
SVC*HC:75571*417.06*297.90**1~
DTM*472*20241221~
CLP*MMC2024000227*1*663.29*473.78*0*12*CLAIMREF001*11~
CAS*CO*45*189.51~
SVC*HC:99213*663.29*473.78**1~
DTM*472*20241209~
CLP*MMC2024000945*1*1177.09*840.78*0*12*CLAIMREF001*11~
CAS*CO*45*336.31~
SVC*HC:99232*1177.09*840.78**1~
DTM*472*20241226~
CLP*MMC2024000613*1*286.79*204.85*0*12*CLAIMREF001*11~
CAS*CO*45*81.94~
SVC*HC:80053*286.79*204.85**1~
DTM*472*20241204~
CLP*MMC2024000085*1*3030.19*2164.42*0*12*CLAIMREF001*11~
CAS*CO*45*865.77~
SVC*HC:75574*3030.19*2164.42**1~
DTM*472*20241208~
CLP*MMC2024000077*1*984.52*703.23*0*12*CLAIMREF001*11~
CAS*CO*45*281.29~
SVC*HC:93350*984.52*703.23**1~
DTM*472*20241217~
CLP*MMC2024000275*1*704.40*503.14*0*12*CLAIMREF001*11~
CAS*CO*45*201.26~
SVC*HC:99213*704.40*503.14**1~
DTM*472*20241208~
CLP*MMC2024000695*1*245.50*175.36*0*12*CLAIMREF001*11~
CAS*CO*45*70.14~
SVC*HC:85025*245.50*175.36**1~
DTM*472*20241224~
CLP*MMC2024000104*1*651.55*465.39*0*12*CLAIMREF001*11~
CAS*CO*45*186.16~
SVC*HC:99213*651.55*465.39**1~
DTM*472*20241223~
CLP*MMC2024000259*1*656.87*469.19*0*12*CLAIMREF001*11~
CAS*CO*45*187.68~
SVC*HC:99213*656.87*469.19**1~
DTM*472*20241217~
CLP*MMC2024000580*1*279.26*199.47*0*12*CLAIMREF001*11~
CAS*CO*45*79.79~
SVC*HC:80053*279.26*199.47**1~
DTM*472*20241228~
CLP*MMC2024000969*1*1119.90*799.93*0*12*CLAIMREF001*11~
CAS*CO*45*319.97~
SVC*HC:99232*1119.90*799.93**1~
DTM*472*20241205~
CLP*MMC2024000881*1*112.24*80.17*0*12*CLAIMREF001*11~
CAS*CO*45*32.07~
SVC*HC:36415*112.24*80.17**1~
DTM*472*20241217~
CLP*MMC2024000723*1*256.19*182.99*0*12*CLAIMREF001*11~
CAS*CO*45*73.20~
SVC*HC:85025*256.19*182.99**1~
DTM*472*20241209~
CLP*MMC2024000674*1*248.56*177.54*0*12*CLAIMREF001*11~
CAS*CO*45*71.02~
SVC*HC:85025*248.56*177.54**1~
DTM*472*20241215~
CLP*MMC2024000186*1*654.08*467.20*0*12*CLAIMREF001*11~
CAS*CO*45*186.88~
SVC*HC:99213*654.08*467.20**1~
DTM*472*20241211~
CLP*MMC2024000446*1*1392.73*994.81*0*12*CLAIMREF001*11~
CAS*CO*45*397.92~
SVC*HC:99395*1392.73*994.81**1~
DTM*472*20241207~
CLP*MMC2024000596*1*281.67*201.19*0*12*CLAIMREF001*11~
CAS*CO*45*80.48~
SVC*HC:80053*281.67*201.19**1~
DTM*472*20241210~
CLP*MMC2024000730*1*254.00*181.43*0*12*CLAIMREF001*11~
CAS*CO*45*72.57~
SVC*HC:85025*254.00*181.43**1~
DTM*472*20241201~
CLP*MMC2024000270*1*698.78*499.13*0*12*CLAIMREF001*11~
CAS*CO*45*199.65~
SVC*HC:99213*698.78*499.13**1~
DTM*472*20241216~
CLP*MMC2024000676*1*237.13*169.38*0*12*CLAIMREF001*11~
CAS*CO*45*67.75~
SVC*HC:85025*237.13*169.38**1~
DTM*472*20241216~
CLP*MMC2024000687*1*248.16*177.26*0*12*CLAIMREF001*11~
CAS*CO*45*70.90~
SVC*HC:85025*248.16*177.26**1~
DTM*472*20241214~
CLP*MMC2024000904*1*117.67*84.05*0*12*CLAIMREF001*11~
CAS*CO*45*33.62~
SVC*HC:36415*117.67*84.05**1~
DTM*472*20241208~
CLP*MMC2024000387*1*980.07*700.05*0*12*CLAIMREF001*11~
CAS*CO*45*280.02~
SVC*HC:99214*980.07*700.05**1~
DTM*472*20241216~
CLP*MMC2024000776*1*531.29*379.49*0*12*CLAIMREF001*11~
CAS*CO*45*151.80~
SVC*HC:93000*531.29*379.49**1~
DTM*472*20241221~
CLP*MMC2024000127*1*681.42*486.73*0*12*CLAIMREF001*11~
CAS*CO*45*194.69~
SVC*HC:99213*681.42*486.73**1~
DTM*472*20241228~
CLP*MMC2024000391*1*947.25*676.61*0*12*CLAIMREF001*11~
CAS*CO*45*270.64~
SVC*HC:99214*947.25*676.61**1~
DTM*472*20241219~
CLP*MMC2024000558*1*1576.76*1126.26*0*12*CLAIMREF001*11~
CAS*CO*45*450.50~
SVC*HC:99396*1576.76*1126.26**1~
DTM*472*20241226~
CLP*MMC2024000341*1*962.60*687.57*0*12*CLAIMREF001*11~
CAS*CO*45*275.03~
SVC*HC:99214*962.60*687.57**1~
DTM*472*20241209~
CLP*MMC2024000784*1*535.53*382.52*0*12*CLAIMREF001*11~
CAS*CO*45*153.01~
SVC*HC:93000*535.53*382.52**1~
DTM*472*20241225~
CLP*MMC2024000276*1*663.11*473.65*0*12*CLAIMREF001*11~
CAS*CO*45*189.46~
SVC*HC:99213*663.11*473.65**1~
DTM*472*20241223~
CLP*MMC2024000494*1*1435.49*1025.35*0*12*CLAIMREF001*11~
CAS*CO*45*410.14~
SVC*HC:99395*1435.49*1025.35**1~
DTM*472*20241220~
CLP*MMC2024000242*1*659.60*471.14*0*12*CLAIMREF001*11~
CAS*CO*45*188.46~
SVC*HC:99213*659.60*471.14**1~
DTM*472*20241210~
CLP*MMC2024000833*1*118.17*84.41*0*12*CLAIMREF001*11~
CAS*CO*45*33.76~
SVC*HC:36415*118.17*84.41**1~
DTM*472*20241221~
CLP*MMC2024000360*1*999.74*714.10*0*12*CLAIMREF001*11~
CAS*CO*45*285.64~
SVC*HC:99214*999.74*714.10**1~
DTM*472*20241227~
CLP*MMC2024000802*1*555.17*396.55*0*12*CLAIMREF001*11~
CAS*CO*45*158.62~
SVC*HC:93000*555.17*396.55**1~
DTM*472*20241215~
CLP*MMC2024000192*1*715.82*511.30*0*12*CLAIMREF001*11~
CAS*CO*45*204.52~
SVC*HC:99213*715.82*511.30**1~
DTM*472*20241223~
CLP*MMC2024000926*1*2474.88*1767.77*0*12*CLAIMREF001*11~
CAS*CO*45*707.11~
SVC*HC:99283*2474.88*1767.77**1~
DTM*472*20241206~
CLP*MMC2024000686*1*248.78*177.70*0*12*CLAIMREF001*11~
CAS*CO*45*71.08~
SVC*HC:85025*248.78*177.70**1~
DTM*472*20241215~
CLP*MMC2024000233*1*664.08*474.34*0*12*CLAIMREF001*11~
CAS*CO*45*189.74~
SVC*HC:99213*664.08*474.34**1~
DTM*472*20241202~
CLP*MMC2024000967*1*1207.56*862.54*0*12*CLAIMREF001*11~
CAS*CO*45*345.02~
SVC*HC:99232*1207.56*862.54**1~
DTM*472*20241212~
CLP*MMC2024000778*1*537.80*384.14*0*12*CLAIMREF001*11~
CAS*CO*45*153.66~
SVC*HC:93000*537.80*384.14**1~
DTM*472*20241225~
CLP*MMC2024000069*1*444.89*317.78*0*12*CLAIMREF001*11~
CAS*CO*45*127.11~
SVC*HC:75571*444.89*317.78**1~
DTM*472*20241225~
CLP*MMC2024000624*1*305.73*218.38*0*12*CLAIMREF001*11~
CAS*CO*45*87.35~
SVC*HC:80053*305.73*218.38**1~
DTM*472*20241210~
CLP*MMC2024000114*1*678.94*484.96*0*12*CLAIMREF001*11~
CAS*CO*45*193.98~
SVC*HC:99213*678.94*484.96**1~
DTM*472*20241204~
CLP*MMC2024000315*1*955.23*682.31*0*12*CLAIMREF001*11~
CAS*CO*45*272.92~
SVC*HC:99214*955.23*682.31**1~
DTM*472*20241222~
CLP*MMC2024000189*1*701.85*501.32*0*12*CLAIMREF001*11~
CAS*CO*45*200.53~
SVC*HC:99213*701.85*501.32**1~
DTM*472*20241218~
CLP*MMC2024000497*1*1303.97*931.41*0*12*CLAIMREF001*11~
CAS*CO*45*372.56~
SVC*HC:99395*1303.97*931.41**1~
DTM*472*20241214~
CLP*MMC2024000540*1*1550.39*1107.42*0*12*CLAIMREF001*11~
CAS*CO*45*442.97~
SVC*HC:99396*1550.39*1107.42**1~
DTM*472*20241203~
CLP*MMC2024000700*1*237.29*169.49*0*12*CLAIMREF001*11~
CAS*CO*45*67.80~
SVC*HC:85025*237.29*169.49**1~
DTM*472*20241227~
CLP*MMC2024000581*1*299.17*213.69*0*12*CLAIMREF001*11~
CAS*CO*45*85.48~
SVC*HC:80053*299.17*213.69**1~
DTM*472*20241224~
CLP*MMC2024000160*1*667.41*476.72*0*12*CLAIMREF001*11~
CAS*CO*45*190.69~
SVC*HC:99213*667.41*476.72**1~
DTM*472*20241213~
CLP*MMC2024000395*1*949.63*678.31*0*12*CLAIMREF001*11~
CAS*CO*45*271.32~
SVC*HC:99214*949.63*678.31**1~
DTM*472*20241223~
CLP*MMC2024000361*1*965.03*689.31*0*12*CLAIMREF001*11~
CAS*CO*45*275.72~
SVC*HC:99214*965.03*689.31**1~
DTM*472*20241214~
CLP*MMC2024000258*1*701.48*501.06*0*12*CLAIMREF001*11~
CAS*CO*45*200.42~
SVC*HC:99213*701.48*501.06**1~
DTM*472*20241222~
CLP*MMC2024000352*1*941.14*672.24*0*12*CLAIMREF001*11~
CAS*CO*45*268.90~
SVC*HC:99214*941.14*672.24**1~
DTM*472*20241223~
CLP*MMC2024000649*1*280.50*200.36*0*12*CLAIMREF001*11~
CAS*CO*45*80.14~
SVC*HC:80053*280.50*200.36**1~
DTM*472*20241211~
CLP*MMC2024000082*1*2969.09*2120.78*0*12*CLAIMREF001*11~
CAS*CO*45*848.31~
SVC*HC:75574*2969.09*2120.78**1~
DTM*472*20241216~
CLP*MMC2024000821*1*115.54*82.53*0*12*CLAIMREF001*11~
CAS*CO*45*33.01~
SVC*HC:36415*115.54*82.53**1~
DTM*472*20241211~
CLP*MMC2024000562*1*1525.85*1089.89*0*12*CLAIMREF001*11~
CAS*CO*45*435.96~
SVC*HC:99396*1525.85*1089.89**1~
DTM*472*20241219~
CLP*MMC2024000535*1*1490.52*1064.66*0*12*CLAIMREF001*11~
CAS*CO*45*425.86~
SVC*HC:99396*1490.52*1064.66**1~
DTM*472*20241205~
CLP*MMC2024000672*1*236.70*169.07*0*12*CLAIMREF001*11~
CAS*CO*45*67.63~
SVC*HC:85025*236.70*169.07**1~
DTM*472*20241226~
CLP*MMC2024000798*1*529.13*377.95*0*12*CLAIMREF001*11~
CAS*CO*45*151.18~
SVC*HC:93000*529.13*377.95**1~
DTM*472*20241212~
CLP*MMC2024000470*1*1326.98*947.84*0*12*CLAIMREF001*11~
CAS*CO*45*379.14~
SVC*HC:99395*1326.98*947.84**1~
DTM*472*20241219~
CLP*MMC2024000893*1*111.83*79.88*0*12*CLAIMREF001*11~
CAS*CO*45*31.95~
SVC*HC:36415*111.83*79.88**1~
DTM*472*20241207~
CLP*MMC2024000185*1*680.08*485.77*0*12*CLAIMREF001*11~
CAS*CO*45*194.31~
SVC*HC:99213*680.08*485.77**1~
DTM*472*20241209~
CLP*MMC2024000335*1*921.56*658.26*0*12*CLAIMREF001*11~
CAS*CO*45*263.30~
SVC*HC:99214*921.56*658.26**1~
DTM*472*20241201~
CLP*MMC2024000472*1*1369.51*978.22*0*12*CLAIMREF001*11~
CAS*CO*45*391.29~
SVC*HC:99395*1369.51*978.22**1~
DTM*472*20241203~
CLP*MMC2024000554*1*1495.33*1068.09*0*12*CLAIMREF001*11~
CAS*CO*45*427.24~
SVC*HC:99396*1495.33*1068.09**1~
DTM*472*20241226~
CLP*MMC2024000294*1*667.13*476.52*0*12*CLAIMREF001*11~
CAS*CO*45*190.61~
SVC*HC:99213*667.13*476.52**1~
DTM*472*20241211~
CLP*MMC2024000905*1*120.05*85.75*0*12*CLAIMREF001*11~
CAS*CO*45*34.30~
SVC*HC:36415*120.05*85.75**1~
DTM*472*20241210~
CLP*MMC2024000299*1*655.45*468.18*0*12*CLAIMREF001*11~
CAS*CO*45*187.27~
SVC*HC:99213*655.45*468.18**1~
DTM*472*20241214~
CLP*MMC2024000155*1*653.77*466.98*0*12*CLAIMREF001*11~
CAS*CO*45*186.79~
SVC*HC:99213*653.77*466.98**1~
DTM*472*20241203~
CLP*MMC2024000846*1*120.86*86.33*0*12*CLAIMREF001*11~
CAS*CO*45*34.53~
SVC*HC:36415*120.86*86.33**1~
DTM*472*20241217~
CLP*MMC2024000137*1*714.55*510.39*0*12*CLAIMREF001*11~
CAS*CO*45*204.16~
SVC*HC:99213*714.55*510.39**1~
DTM*472*20241226~
CLP*MMC2024000604*1*300.94*214.96*0*12*CLAIMREF001*11~
CAS*CO*45*85.98~
SVC*HC:80053*300.94*214.96**1~
DTM*472*20241211~
CLP*MMC2024000229*1*680.83*486.31*0*12*CLAIMREF001*11~
CAS*CO*45*194.52~
SVC*HC:99213*680.83*486.31**1~
DTM*472*20241224~
CLP*MMC2024000948*1*1232.99*880.71*0*12*CLAIMREF001*11~
CAS*CO*45*352.28~
SVC*HC:99232*1232.99*880.71**1~
DTM*472*20241206~
CLP*MMC2024000594*1*291.97*208.55*0*12*CLAIMREF001*11~
CAS*CO*45*83.42~
SVC*HC:80053*291.97*208.55**1~
DTM*472*20241219~
CLP*MMC2024000767*1*239.88*171.34*0*12*CLAIMREF001*11~
CAS*CO*45*68.54~
SVC*HC:85025*239.88*171.34**1~
DTM*472*20241220~
CLP*MMC2024000004*1*5646.27*4033.05*0*12*CLAIMREF001*11~
CAS*CO*45*1613.22~
SVC*HC:27447*5646.27*4033.05**1~
DTM*472*20241224~
CLP*MMC2024000850*1*121.91*87.08*0*12*CLAIMREF001*11~
CAS*CO*45*34.83~
SVC*HC:36415*121.91*87.08**1~
DTM*472*20241220~
CLP*MMC2024000845*1*112.52*80.37*0*12*CLAIMREF001*11~
CAS*CO*45*32.15~
SVC*HC:36415*112.52*80.37**1~
DTM*472*20241228~
CLP*MMC2024000245*1*698.84*499.17*0*12*CLAIMREF001*11~
CAS*CO*45*199.67~
SVC*HC:99213*698.84*499.17**1~
DTM*472*20241218~
CLP*MMC2024000072*1*7106.96*5076.40*0*12*CLAIMREF001*11~
CAS*CO*45*2030.56~
SVC*HC:22551*7106.96*5076.40**1~
DTM*472*20241224~
CLP*MMC2024000095*1*408.81*292.01*0*12*CLAIMREF001*11~
CAS*CO*45*116.80~
SVC*HC:20610*408.81*292.01**1~
DTM*472*20241225~
CLP*MMC2024000049*1*610.13*435.81*0*12*CLAIMREF001*11~
CAS*CO*45*174.32~
SVC*HC:93306*610.13*435.81**1~
DTM*472*20241211~
CLP*MMC2024000343*1*976.21*697.29*0*12*CLAIMREF001*11~
CAS*CO*45*278.92~
SVC*HC:99214*976.21*697.29**1~
DTM*472*20241224~
CLP*MMC2024000901*1*112.35*80.25*0*12*CLAIMREF001*11~
CAS*CO*45*32.10~
SVC*HC:36415*112.35*80.25**1~
DTM*472*20241227~
CLP*MMC2024000045*1*572.07*408.62*0*12*CLAIMREF001*11~
CAS*CO*45*163.45~
SVC*HC:93306*572.07*408.62**1~
DTM*472*20241202~
CLP*MMC2024000168*1*715.01*510.72*0*12*CLAIMREF001*11~
CAS*CO*45*204.29~
SVC*HC:99213*715.01*510.72**1~
DTM*472*20241203~
CLP*MMC2024000264*1*706.33*504.52*0*12*CLAIMREF001*11~
CAS*CO*45*201.81~
SVC*HC:99213*706.33*504.52**1~
DTM*472*20241205~
CLP*MMC2024000219*1*652.68*466.20*0*12*CLAIMREF001*11~
CAS*CO*45*186.48~
SVC*HC:99213*652.68*466.20**1~
DTM*472*20241207~
CLP*MMC2024000549*1*1605.10*1146.50*0*12*CLAIMREF001*11~
CAS*CO*45*458.60~
SVC*HC:99396*1605.10*1146.50**1~
DTM*472*20241214~
CLP*MMC2024000208*1*714.41*510.29*0*12*CLAIMREF001*11~
CAS*CO*45*204.12~
SVC*HC:99213*714.41*510.29**1~
DTM*472*20241226~
CLP*MMC2024000460*1*1402.79*1001.99*0*12*CLAIMREF001*11~
CAS*CO*45*400.80~
SVC*HC:99395*1402.79*1001.99**1~
DTM*472*20241220~
CLP*MMC2024000923*1*2440.16*1742.97*0*12*CLAIMREF001*11~
CAS*CO*45*697.19~
SVC*HC:99283*2440.16*1742.97**1~
DTM*472*20241221~
CLP*MMC2024000439*1*984.27*703.05*0*12*CLAIMREF001*11~
CAS*CO*45*281.22~
SVC*HC:99214*984.27*703.05**1~
DTM*472*20241216~
CLP*MMC2024000313*1*964.84*689.17*0*12*CLAIMREF001*11~
CAS*CO*45*275.67~
SVC*HC:99214*964.84*689.17**1~
DTM*472*20241209~
CLP*MMC2024000927*1*2557.46*1826.76*0*12*CLAIMREF001*11~
CAS*CO*45*730.70~
SVC*HC:99283*2557.46*1826.76**1~
DTM*472*20241203~
CLP*MMC2024000099*1*387.04*276.46*0*12*CLAIMREF001*11~
CAS*CO*45*110.58~
SVC*HC:20610*387.04*276.46**1~
DTM*472*20241217~
CLP*MMC2024000388*1*960.97*686.41*0*12*CLAIMREF001*11~
CAS*CO*45*274.56~
SVC*HC:99214*960.97*686.41**1~
DTM*472*20241201~
CLP*MMC2024000815*1*556.12*397.23*0*12*CLAIMREF001*11~
CAS*CO*45*158.89~
SVC*HC:93000*556.12*397.23**1~
DTM*472*20241220~
CLP*MMC2024000839*1*116.58*83.27*0*12*CLAIMREF001*11~
CAS*CO*45*33.31~
SVC*HC:36415*116.58*83.27**1~
DTM*472*20241212~
CLP*MMC2024000663*1*302.18*215.84*0*12*CLAIMREF001*11~
CAS*CO*45*86.34~
SVC*HC:80053*302.18*215.84**1~
DTM*472*20241219~
CLP*MMC2024000809*1*552.03*394.31*0*12*CLAIMREF001*11~
CAS*CO*45*157.72~
SVC*HC:93000*552.03*394.31**1~
DTM*472*20241226~
CLP*MMC2024000824*1*120.11*85.79*0*12*CLAIMREF001*11~
CAS*CO*45*34.32~
SVC*HC:36415*120.11*85.79**1~
DTM*472*20241222~
CLP*MMC2024000647*1*285.25*203.75*0*12*CLAIMREF001*11~
CAS*CO*45*81.50~
SVC*HC:80053*285.25*203.75**1~
DTM*472*20241221~
CLP*MMC2024000008*1*5722.81*4087.72*0*12*CLAIMREF001*11~
CAS*CO*45*1635.09~
SVC*HC:27447*5722.81*4087.72**1~
DTM*472*20241220~
CLP*MMC2024000827*1*112.56*80.40*0*12*CLAIMREF001*11~
CAS*CO*45*32.16~
SVC*HC:36415*112.56*80.40**1~
DTM*472*20241222~
CLP*MMC2024000368*1*992.50*708.93*0*12*CLAIMREF001*11~
CAS*CO*45*283.57~
SVC*HC:99214*992.50*708.93**1~
DTM*472*20241215~
CLP*MMC2024000719*1*256.58*183.27*0*12*CLAIMREF001*11~
CAS*CO*45*73.31~
SVC*HC:85025*256.58*183.27**1~
DTM*472*20241225~
CLP*MMC2024000332*1*1014.26*724.47*0*12*CLAIMREF001*11~
CAS*CO*45*289.79~
SVC*HC:99214*1014.26*724.47**1~
DTM*472*20241212~
CLP*MMC2024000235*1*686.69*490.49*0*12*CLAIMREF001*11~
CAS*CO*45*196.20~
SVC*HC:99213*686.69*490.49**1~
DTM*472*20241226~
CLP*MMC2024000683*1*251.10*179.36*0*12*CLAIMREF001*11~
CAS*CO*45*71.74~
SVC*HC:85025*251.10*179.36**1~
DTM*472*20241219~
CLP*MMC2024000811*1*581.55*415.39*0*12*CLAIMREF001*11~
CAS*CO*45*166.16~
SVC*HC:93000*581.55*415.39**1~
DTM*472*20241203~
CLP*MMC2024000170*1*670.59*478.99*0*12*CLAIMREF001*11~
CAS*CO*45*191.60~
SVC*HC:99213*670.59*478.99**1~
DTM*472*20241215~
CLP*MMC2024000058*1*434.42*310.30*0*12*CLAIMREF001*11~
CAS*CO*45*124.12~
SVC*HC:75571*434.42*310.30**1~
DTM*472*20241203~
CLP*MMC2024000415*1*963.02*687.87*0*12*CLAIMREF001*11~
CAS*CO*45*275.15~
SVC*HC:99214*963.02*687.87**1~
DTM*472*20241215~
CLP*MMC2024000198*1*717.68*512.63*0*12*CLAIMREF001*11~
CAS*CO*45*205.05~
SVC*HC:99213*717.68*512.63**1~
DTM*472*20241202~
CLP*MMC2024000280*1*705.98*504.27*0*12*CLAIMREF001*11~
CAS*CO*45*201.71~
SVC*HC:99213*705.98*504.27**1~
DTM*472*20241222~
CLP*MMC2024000480*1*1364.44*974.60*0*12*CLAIMREF001*11~
CAS*CO*45*389.84~
SVC*HC:99395*1364.44*974.60**1~
DTM*472*20241211~
CLP*MMC2024000712*1*238.18*170.13*0*12*CLAIMREF001*11~
CAS*CO*45*68.05~
SVC*HC:85025*238.18*170.13**1~
DTM*472*20241217~
CLP*MMC2024000896*1*117.81*84.15*0*12*CLAIMREF001*11~
CAS*CO*45*33.66~
SVC*HC:36415*117.81*84.15**1~
DTM*472*20241204~
CLP*MMC2024000466*1*1414.70*1010.50*0*12*CLAIMREF001*11~
CAS*CO*45*404.20~
SVC*HC:99395*1414.70*1010.50**1~
DTM*472*20241219~
CLP*MMC2024000292*1*667.45*476.75*0*12*CLAIMREF001*11~
CAS*CO*45*190.70~
SVC*HC:99213*667.45*476.75**1~
DTM*472*20241215~
CLP*MMC2024000344*1*987.07*705.05*0*12*CLAIMREF001*11~
CAS*CO*45*282.02~
SVC*HC:99214*987.07*705.05**1~
DTM*472*20241225~
CLP*MMC2024000110*1*688.00*491.43*0*12*CLAIMREF001*11~
CAS*CO*45*196.57~
SVC*HC:99213*688.00*491.43**1~
DTM*472*20241224~
CLP*MMC2024000590*1*298.38*213.13*0*12*CLAIMREF001*11~
CAS*CO*45*85.25~
SVC*HC:80053*298.38*213.13**1~
DTM*472*20241227~
CLP*MMC2024000010*1*2788.97*1992.12*0*12*CLAIMREF001*11~
CAS*CO*45*796.85~
SVC*HC:29881*2788.97*1992.12**1~
DTM*472*20241223~
CLP*MMC2024000610*1*307.43*219.59*0*12*CLAIMREF001*11~
CAS*CO*45*87.84~
SVC*HC:80053*307.43*219.59**1~
DTM*472*20241226~
CLP*MMC2024000946*1*1125.80*804.14*0*12*CLAIMREF001*11~
CAS*CO*45*321.66~
SVC*HC:99232*1125.80*804.14**1~
DTM*472*20241214~
CLP*MMC2024000954*1*1168.24*834.46*0*12*CLAIMREF001*11~
CAS*CO*45*333.78~
SVC*HC:99232*1168.24*834.46**1~
DTM*472*20241215~
CLP*MMC2024000508*1*1371.76*979.83*0*12*CLAIMREF001*11~
CAS*CO*45*391.93~
SVC*HC:99395*1371.76*979.83**1~
DTM*472*20241205~
CLP*MMC2024000407*1*952.53*680.38*0*12*CLAIMREF001*11~
CAS*CO*45*272.15~
SVC*HC:99214*952.53*680.38**1~
DTM*472*20241210~
CLP*MMC2024000038*1*5391.81*3851.29*0*12*CLAIMREF001*11~
CAS*CO*45*1540.52~
SVC*HC:27130*5391.81*3851.29**1~
DTM*472*20241218~
CLP*MMC2024000181*1*665.00*475.00*0*12*CLAIMREF001*11~
CAS*CO*45*190.00~
SVC*HC:99213*665.00*475.00**1~
DTM*472*20241221~
CLP*MMC2024000428*1*968.16*691.54*0*12*CLAIMREF001*11~
CAS*CO*45*276.62~
SVC*HC:99214*968.16*691.54**1~
DTM*472*20241215~
CLP*MMC2024000180*1*665.49*475.35*0*12*CLAIMREF001*11~
CAS*CO*45*190.14~
SVC*HC:99213*665.49*475.35**1~
DTM*472*20241211~
CLP*MMC2024000039*1*5441.90*3887.07*0*12*CLAIMREF001*11~
CAS*CO*45*1554.83~
SVC*HC:27130*5441.90*3887.07**1~
DTM*472*20241206~
CLP*MMC2024000238*1*697.02*497.87*0*12*CLAIMREF001*11~
CAS*CO*45*199.15~
SVC*HC:99213*697.02*497.87**1~
DTM*472*20241212~
CLP*MMC2024000092*1*409.51*292.51*0*12*CLAIMREF001*11~
CAS*CO*45*117.00~
SVC*HC:20610*409.51*292.51**1~
DTM*472*20241206~
CLP*MMC2024000061*1*419.24*299.46*0*12*CLAIMREF001*11~
CAS*CO*45*119.78~
SVC*HC:75571*419.24*299.46**1~
DTM*472*20241222~
CLP*MMC2024000717*1*254.53*181.81*0*12*CLAIMREF001*11~
CAS*CO*45*72.72~
SVC*HC:85025*254.53*181.81**1~
DTM*472*20241219~
CLP*MMC2024000329*1*958.40*684.57*0*12*CLAIMREF001*11~
CAS*CO*45*273.83~
SVC*HC:99214*958.40*684.57**1~
DTM*472*20241227~
CLP*MMC2024000570*1*308.03*220.02*0*12*CLAIMREF001*11~
CAS*CO*45*88.01~
SVC*HC:80053*308.03*220.02**1~
DTM*472*20241210~
CLP*MMC2024000937*1*1217.38*869.56*0*12*CLAIMREF001*11~
CAS*CO*45*347.82~
SVC*HC:99232*1217.38*869.56**1~
DTM*472*20241202~
CLP*MMC2024000489*1*1362.69*973.35*0*12*CLAIMREF001*11~
CAS*CO*45*389.34~
SVC*HC:99395*1362.69*973.35**1~
DTM*472*20241202~
CLP*MMC2024000488*1*1405.78*1004.13*0*12*CLAIMREF001*11~
CAS*CO*45*401.65~
SVC*HC:99395*1405.78*1004.13**1~
DTM*472*20241221~
CLP*MMC2024000417*1*942.06*672.90*0*12*CLAIMREF001*11~
CAS*CO*45*269.16~
SVC*HC:99214*942.06*672.90**1~
DTM*472*20241228~
CLP*MMC2024000968*1*1158.64*827.60*0*12*CLAIMREF001*11~
CAS*CO*45*331.04~
SVC*HC:99232*1158.64*827.60**1~
DTM*472*20241219~
CLP*MMC2024000006*1*5933.21*4238.01*0*12*CLAIMREF001*11~
CAS*CO*45*1695.20~
SVC*HC:27447*5933.21*4238.01**1~
DTM*472*20241202~
CLP*MMC2024000795*1*542.28*387.34*0*12*CLAIMREF001*11~
CAS*CO*45*154.94~
SVC*HC:93000*542.28*387.34**1~
DTM*472*20241202~
CLP*MMC2024000716*1*249.41*178.15*0*12*CLAIMREF001*11~
CAS*CO*45*71.26~
SVC*HC:85025*249.41*178.15**1~
DTM*472*20241204~
CLP*MMC2024000484*1*1437.55*1026.82*0*12*CLAIMREF001*11~
CAS*CO*45*410.73~
SVC*HC:99395*1437.55*1026.82**1~
DTM*472*20241222~
CLP*MMC2024000339*1*963.42*688.16*0*12*CLAIMREF001*11~
CAS*CO*45*275.26~
SVC*HC:99214*963.42*688.16**1~
DTM*472*20241204~
CLP*MMC2024000424*1*1013.68*724.06*0*12*CLAIMREF001*11~
CAS*CO*45*289.62~
SVC*HC:99214*1013.68*724.06**1~
DTM*472*20241204~
CLP*MMC2024000103*1*381.42*272.44*0*12*CLAIMREF001*11~
CAS*CO*45*108.98~
SVC*HC:20610*381.42*272.44**1~
DTM*472*20241208~
CLP*MMC2024000054*1*591.61*422.58*0*12*CLAIMREF001*11~
CAS*CO*45*169.03~
SVC*HC:93306*591.61*422.58**1~
DTM*472*20241209~
CLP*MMC2024000239*1*680.61*486.15*0*12*CLAIMREF001*11~
CAS*CO*45*194.46~
SVC*HC:99213*680.61*486.15**1~
DTM*472*20241222~
CLP*MMC2024000232*1*658.98*470.70*0*12*CLAIMREF001*11~
CAS*CO*45*188.28~
SVC*HC:99213*658.98*470.70**1~
DTM*472*20241219~
CLP*MMC2024000544*1*1586.31*1133.08*0*12*CLAIMREF001*11~
CAS*CO*45*453.23~
SVC*HC:99396*1586.31*1133.08**1~
DTM*472*20241225~
CLP*MMC2024000724*1*236.33*168.81*0*12*CLAIMREF001*11~
CAS*CO*45*67.52~
SVC*HC:85025*236.33*168.81**1~
DTM*472*20241209~
CLP*MMC2024000886*1*120.01*85.72*0*12*CLAIMREF001*11~
CAS*CO*45*34.29~
SVC*HC:36415*120.01*85.72**1~
DTM*472*20241211~
CLP*MMC2024000246*1*659.78*471.27*0*12*CLAIMREF001*11~
CAS*CO*45*188.51~
SVC*HC:99213*659.78*471.27**1~
DTM*472*20241214~
CLP*MMC2024000112*1*690.54*493.24*0*12*CLAIMREF001*11~
CAS*CO*45*197.30~
SVC*HC:99213*690.54*493.24**1~
DTM*472*20241208~
CLP*MMC2024000673*1*258.16*184.40*0*12*CLAIMREF001*11~
CAS*CO*45*73.76~
SVC*HC:85025*258.16*184.40**1~
DTM*472*20241222~
CLP*MMC2024000279*1*659.37*470.98*0*12*CLAIMREF001*11~
CAS*CO*45*188.39~
SVC*HC:99213*659.37*470.98**1~
DTM*472*20241205~
CLP*MMC2024000278*1*689.25*492.32*0*12*CLAIMREF001*11~
CAS*CO*45*196.93~
SVC*HC:99213*689.25*492.32**1~
DTM*472*20241228~
CLP*MMC2024000552*1*1503.87*1074.19*0*12*CLAIMREF001*11~
CAS*CO*45*429.68~
SVC*HC:99396*1503.87*1074.19**1~
DTM*472*20241206~
CLP*MMC2024000207*1*652.75*466.25*0*12*CLAIMREF001*11~
CAS*CO*45*186.50~
SVC*HC:99213*652.75*466.25**1~
DTM*472*20241224~
CLP*MMC2024000942*1*1155.92*825.66*0*12*CLAIMREF001*11~
CAS*CO*45*330.26~
SVC*HC:99232*1155.92*825.66**1~
DTM*472*20241206~
CLP*MMC2024000879*1*121.20*86.57*0*12*CLAIMREF001*11~
CAS*CO*45*34.63~
SVC*HC:36415*121.20*86.57**1~
DTM*472*20241212~
CLP*MMC2024000263*1*697.16*497.97*0*12*CLAIMREF001*11~
CAS*CO*45*199.19~
SVC*HC:99213*697.16*497.97**1~
DTM*472*20241208~
CLP*MMC2024000453*1*1380.12*985.80*0*12*CLAIMREF001*11~
CAS*CO*45*394.32~
SVC*HC:99395*1380.12*985.80**1~
DTM*472*20241210~
CLP*MMC2024000841*1*113.72*81.23*0*12*CLAIMREF001*11~
CAS*CO*45*32.49~
SVC*HC:36415*113.72*81.23**1~
DTM*472*20241207~
CLP*MMC2024000838*1*112.71*80.51*0*12*CLAIMREF001*11~
CAS*CO*45*32.20~
SVC*HC:36415*112.71*80.51**1~
DTM*472*20241222~
CLP*MMC2024000579*1*298.35*213.11*0*12*CLAIMREF001*11~
CAS*CO*45*85.24~
SVC*HC:80053*298.35*213.11**1~
DTM*472*20241209~
CLP*MMC2024000044*1*603.78*431.27*0*12*CLAIMREF001*11~
CAS*CO*45*172.51~
SVC*HC:93306*603.78*431.27**1~
DTM*472*20241202~
CLP*MMC2024000770*1*551.28*393.77*0*12*CLAIMREF001*11~
CAS*CO*45*157.51~
SVC*HC:93000*551.28*393.77**1~
DTM*472*20241204~
CLP*MMC2024000150*1*709.39*506.71*0*12*CLAIMREF001*11~
CAS*CO*45*202.68~
SVC*HC:99213*709.39*506.71**1~
DTM*472*20241203~
CLP*MMC2024000769*1*578.07*412.91*0*12*CLAIMREF001*11~
CAS*CO*45*165.16~
SVC*HC:93000*578.07*412.91**1~
DTM*472*20241203~
CLP*MMC2024000405*1*1012.40*723.14*0*12*CLAIMREF001*11~
CAS*CO*45*289.26~
SVC*HC:99214*1012.40*723.14**1~
DTM*472*20241227~
CLP*MMC2024000389*1*926.66*661.90*0*12*CLAIMREF001*11~
CAS*CO*45*264.76~
SVC*HC:99214*926.66*661.90**1~
DTM*472*20241208~
CLP*MMC2024000557*1*1526.38*1090.27*0*12*CLAIMREF001*11~
CAS*CO*45*436.11~
SVC*HC:99396*1526.38*1090.27**1~
DTM*472*20241214~
CLP*MMC2024000902*1*122.25*87.32*0*12*CLAIMREF001*11~
CAS*CO*45*34.93~
SVC*HC:36415*122.25*87.32**1~
DTM*472*20241220~
CLP*MMC2024000295*1*672.97*480.69*0*12*CLAIMREF001*11~
CAS*CO*45*192.28~
SVC*HC:99213*672.97*480.69**1~
DTM*472*20241218~
CLP*MMC2024000281*1*687.46*491.04*0*12*CLAIMREF001*11~
CAS*CO*45*196.42~
SVC*HC:99213*687.46*491.04**1~
DTM*472*20241218~
CLP*MMC2024000574*1*308.38*220.27*0*12*CLAIMREF001*11~
CAS*CO*45*88.11~
SVC*HC:80053*308.38*220.27**1~
DTM*472*20241228~
CLP*MMC2024000358*1*953.47*681.05*0*12*CLAIMREF001*11~
CAS*CO*45*272.42~
SVC*HC:99214*953.47*681.05**1~
DTM*472*20241217~
CLP*MMC2024000659*1*294.90*210.64*0*12*CLAIMREF001*11~
CAS*CO*45*84.26~
SVC*HC:80053*294.90*210.64**1~
DTM*472*20241226~
CLP*MMC2024000870*1*114.55*81.82*0*12*CLAIMREF001*11~
CAS*CO*45*32.73~
SVC*HC:36415*114.55*81.82**1~
DTM*472*20241221~
CLP*MMC2024000501*1*1416.17*1011.55*0*12*CLAIMREF001*11~
CAS*CO*45*404.62~
SVC*HC:99395*1416.17*1011.55**1~
DTM*472*20241216~
CLP*MMC2024000609*1*298.83*213.45*0*12*CLAIMREF001*11~
CAS*CO*45*85.38~
SVC*HC:80053*298.83*213.45**1~
DTM*472*20241213~
CLP*MMC2024000925*1*2526.01*1804.29*0*12*CLAIMREF001*11~
CAS*CO*45*721.72~
SVC*HC:99283*2526.01*1804.29**1~
DTM*472*20241223~
CLP*MMC2024000855*1*120.08*85.77*0*12*CLAIMREF001*11~
CAS*CO*45*34.31~
SVC*HC:36415*120.08*85.77**1~
DTM*472*20241202~
CLP*MMC2024000842*1*115.63*82.59*0*12*CLAIMREF001*11~
CAS*CO*45*33.04~
SVC*HC:36415*115.63*82.59**1~
DTM*472*20241225~
CLP*MMC2024000306*1*690.51*493.22*0*12*CLAIMREF001*11~
CAS*CO*45*197.29~
SVC*HC:99213*690.51*493.22**1~
DTM*472*20241216~
CLP*MMC2024000922*1*2367.19*1690.85*0*12*CLAIMREF001*11~
CAS*CO*45*676.34~
SVC*HC:99283*2367.19*1690.85**1~
DTM*472*20241218~
CLP*MMC2024000959*1*1227.45*876.75*0*12*CLAIMREF001*11~
CAS*CO*45*350.70~
SVC*HC:99232*1227.45*876.75**1~
DTM*472*20241203~
CLP*MMC2024000253*1*690.80*493.43*0*12*CLAIMREF001*11~
CAS*CO*45*197.37~
SVC*HC:99213*690.80*493.43**1~
DTM*472*20241221~
CLP*MMC2024000197*1*672.18*480.13*0*12*CLAIMREF001*11~
CAS*CO*45*192.05~
SVC*HC:99213*672.18*480.13**1~
DTM*472*20241226~
CLP*MMC2024000779*1*546.42*390.30*0*12*CLAIMREF001*11~
CAS*CO*45*156.12~
SVC*HC:93000*546.42*390.30**1~
DTM*472*20241224~
CLP*MMC2024000939*1*1148.20*820.14*0*12*CLAIMREF001*11~
CAS*CO*45*328.06~
SVC*HC:99232*1148.20*820.14**1~
DTM*472*20241226~
CLP*MMC2024000363*1*1003.80*717.00*0*12*CLAIMREF001*11~
CAS*CO*45*286.80~
SVC*HC:99214*1003.80*717.00**1~
DTM*472*20241215~
CLP*MMC2024000560*1*1500.49*1071.78*0*12*CLAIMREF001*11~
CAS*CO*45*428.71~
SVC*HC:99396*1500.49*1071.78**1~
DTM*472*20241228~
CLP*MMC2024000351*1*984.38*703.13*0*12*CLAIMREF001*11~
CAS*CO*45*281.25~
SVC*HC:99214*984.38*703.13**1~
DTM*472*20241221~
CLP*MMC2024000653*1*295.30*210.93*0*12*CLAIMREF001*11~
CAS*CO*45*84.37~
SVC*HC:80053*295.30*210.93**1~
DTM*472*20241219~
CLP*MMC2024000471*1*1361.85*972.75*0*12*CLAIMREF001*11~
CAS*CO*45*389.10~
SVC*HC:99395*1361.85*972.75**1~
DTM*472*20241227~
CLP*MMC2024000178*1*701.93*501.38*0*12*CLAIMREF001*11~
CAS*CO*45*200.55~
SVC*HC:99213*701.93*501.38**1~
DTM*472*20241205~
CLP*MMC2024000816*1*535.85*382.75*0*12*CLAIMREF001*11~
CAS*CO*45*153.10~
SVC*HC:93000*535.85*382.75**1~
DTM*472*20241212~
CLP*MMC2024000386*1*940.88*672.06*0*12*CLAIMREF001*11~
CAS*CO*45*268.82~
SVC*HC:99214*940.88*672.06**1~
DTM*472*20241216~
CLP*MMC2024000878*1*112.69*80.49*0*12*CLAIMREF001*11~
CAS*CO*45*32.20~
SVC*HC:36415*112.69*80.49**1~
DTM*472*20241208~
CLP*MMC2024000490*1*1330.00*950.00*0*12*CLAIMREF001*11~
CAS*CO*45*380.00~
SVC*HC:99395*1330.00*950.00**1~
DTM*472*20241218~
CLP*MMC2024000333*1*939.33*670.95*0*12*CLAIMREF001*11~
CAS*CO*45*268.38~
SVC*HC:99214*939.33*670.95**1~
DTM*472*20241203~
CLP*MMC2024000575*1*293.22*209.44*0*12*CLAIMREF001*11~
CAS*CO*45*83.78~
SVC*HC:80053*293.22*209.44**1~
DTM*472*20241208~
CLP*MMC2024000213*1*658.46*470.33*0*12*CLAIMREF001*11~
CAS*CO*45*188.13~
SVC*HC:99213*658.46*470.33**1~
DTM*472*20241228~
CLP*MMC2024000720*1*255.92*182.80*0*12*CLAIMREF001*11~
CAS*CO*45*73.12~
SVC*HC:85025*255.92*182.80**1~
DTM*472*20241220~
CLP*MMC2024000142*1*661.67*472.62*0*12*CLAIMREF001*11~
CAS*CO*45*189.05~
SVC*HC:99213*661.67*472.62**1~
DTM*472*20241210~
CLP*MMC2024000064*1*455.53*325.38*0*12*CLAIMREF001*11~
CAS*CO*45*130.15~
SVC*HC:75571*455.53*325.38**1~
DTM*472*20241217~
CLP*MMC2024000483*1*1420.65*1014.75*0*12*CLAIMREF001*11~
CAS*CO*45*405.90~
SVC*HC:99395*1420.65*1014.75**1~
DTM*472*20241227~
CLP*MMC2024000514*1*1534.89*1096.35*0*12*CLAIMREF001*11~
CAS*CO*45*438.54~
SVC*HC:99396*1534.89*1096.35**1~
DTM*472*20241219~
CLP*MMC2024000877*1*113.34*80.96*0*12*CLAIMREF001*11~
CAS*CO*45*32.38~
SVC*HC:36415*113.34*80.96**1~
DTM*472*20241214~
CLP*MMC2024000777*1*533.37*380.98*0*12*CLAIMREF001*11~
CAS*CO*45*152.39~
SVC*HC:93000*533.37*380.98**1~
DTM*472*20241217~
CLP*MMC2024000423*1*1009.36*720.97*0*12*CLAIMREF001*11~
CAS*CO*45*288.39~
SVC*HC:99214*1009.36*720.97**1~
DTM*472*20241203~
CLP*MMC2024000156*1*679.78*485.56*0*12*CLAIMREF001*11~
CAS*CO*45*194.22~
SVC*HC:99213*679.78*485.56**1~
DTM*472*20241219~
CLP*MMC2024000749*1*236.98*169.27*0*12*CLAIMREF001*11~
CAS*CO*45*67.71~
SVC*HC:85025*236.98*169.27**1~
DTM*472*20241207~
CLP*MMC2024000961*1*1158.78*827.70*0*12*CLAIMREF001*11~
CAS*CO*45*331.08~
SVC*HC:99232*1158.78*827.70**1~
DTM*472*20241226~
CLP*MMC2024000452*1*1383.66*988.33*0*12*CLAIMREF001*11~
CAS*CO*45*395.33~
SVC*HC:99395*1383.66*988.33**1~
DTM*472*20241227~
CLP*MMC2024000020*1*2687.40*1919.57*0*12*CLAIMREF001*11~
CAS*CO*45*767.83~
SVC*HC:29881*2687.40*1919.57**1~
DTM*472*20241209~
CLP*MMC2024000196*1*680.51*486.08*0*12*CLAIMREF001*11~
CAS*CO*45*194.43~
SVC*HC:99213*680.51*486.08**1~
DTM*472*20241202~
CLP*MMC2024000645*1*306.89*219.21*0*12*CLAIMREF001*11~
CAS*CO*45*87.68~
SVC*HC:80053*306.89*219.21**1~
DTM*472*20241227~
CLP*MMC2024000892*1*111.66*79.76*0*12*CLAIMREF001*11~
CAS*CO*45*31.90~
SVC*HC:36415*111.66*79.76**1~
DTM*472*20241203~
CLP*MMC2024000033*1*2610.96*1864.97*0*12*CLAIMREF001*11~
CAS*CO*45*745.99~
SVC*HC:73721*2610.96*1864.97**1~
DTM*472*20241212~
CLP*MMC2024000249*1*693.24*495.17*0*12*CLAIMREF001*11~
CAS*CO*45*198.07~
SVC*HC:99213*693.24*495.17**1~
DTM*472*20241210~
CLP*MMC2024000152*1*710.12*507.23*0*12*CLAIMREF001*11~
CAS*CO*45*202.89~
SVC*HC:99213*710.12*507.23**1~
DTM*472*20241213~
CLP*MMC2024000390*1*956.75*683.39*0*12*CLAIMREF001*11~
CAS*CO*45*273.36~
SVC*HC:99214*956.75*683.39**1~
DTM*472*20241208~
CLP*MMC2024000537*1*1640.06*1171.47*0*12*CLAIMREF001*11~
CAS*CO*45*468.59~
SVC*HC:99396*1640.06*1171.47**1~
DTM*472*20241203~
CLP*MMC2024000175*1*671.57*479.69*0*12*CLAIMREF001*11~
CAS*CO*45*191.88~
SVC*HC:99213*671.57*479.69**1~
DTM*472*20241222~
CLP*MMC2024000492*1*1362.16*972.97*0*12*CLAIMREF001*11~
CAS*CO*45*389.19~
SVC*HC:99395*1362.16*972.97**1~
DTM*472*20241223~
CLP*MMC2024000796*1*546.57*390.41*0*12*CLAIMREF001*11~
CAS*CO*45*156.16~
SVC*HC:93000*546.57*390.41**1~
DTM*472*20241203~
CLP*MMC2024000705*1*259.35*185.25*0*12*CLAIMREF001*11~
CAS*CO*45*74.10~
SVC*HC:85025*259.35*185.25**1~
DTM*472*20241218~
CLP*MMC2024000234*1*699.62*499.73*0*12*CLAIMREF001*11~
CAS*CO*45*199.89~
SVC*HC:99213*699.62*499.73**1~
DTM*472*20241201~
CLP*MMC2024000745*1*252.43*180.31*0*12*CLAIMREF001*11~
CAS*CO*45*72.12~
SVC*HC:85025*252.43*180.31**1~
DTM*472*20241219~
CLP*MMC2024000593*1*280.18*200.13*0*12*CLAIMREF001*11~
CAS*CO*45*80.05~
SVC*HC:80053*280.18*200.13**1~
DTM*472*20241226~
CLP*MMC2024000806*1*558.75*399.11*0*12*CLAIMREF001*11~
CAS*CO*45*159.64~
SVC*HC:93000*558.75*399.11**1~
DTM*472*20241207~
CLP*MMC2024000671*1*241.11*172.22*0*12*CLAIMREF001*11~
CAS*CO*45*68.89~
SVC*HC:85025*241.11*172.22**1~
DTM*472*20241220~
CLP*MMC2024000944*1*1159.24*828.03*0*12*CLAIMREF001*11~
CAS*CO*45*331.21~
SVC*HC:99232*1159.24*828.03**1~
DTM*472*20241226~
CLP*MMC2024000028*1*2465.12*1760.80*0*12*CLAIMREF001*11~
CAS*CO*45*704.32~
SVC*HC:73721*2465.12*1760.80**1~
DTM*472*20241222~
CLP*MMC2024000772*1*549.26*392.33*0*12*CLAIMREF001*11~
CAS*CO*45*156.93~
SVC*HC:93000*549.26*392.33**1~
DTM*472*20241203~
CLP*MMC2024000843*1*117.32*83.80*0*12*CLAIMREF001*11~
CAS*CO*45*33.52~
SVC*HC:36415*117.32*83.80**1~
DTM*472*20241208~
CLP*MMC2024000801*1*532.06*380.04*0*12*CLAIMREF001*11~
CAS*CO*45*152.02~
SVC*HC:93000*532.06*380.04**1~
DTM*472*20241220~
CLP*MMC2024000113*1*704.83*503.45*0*12*CLAIMREF001*11~
CAS*CO*45*201.38~
SVC*HC:99213*704.83*503.45**1~
DTM*472*20241226~
CLP*MMC2024000340*1*972.15*694.39*0*12*CLAIMREF001*11~
CAS*CO*45*277.76~
SVC*HC:99214*972.15*694.39**1~
DTM*472*20241207~
CLP*MMC2024000891*1*117.12*83.66*0*12*CLAIMREF001*11~
CAS*CO*45*33.46~
SVC*HC:36415*117.12*83.66**1~
DTM*472*20241220~
CLP*MMC2024000018*1*2621.40*1872.43*0*12*CLAIMREF001*11~
CAS*CO*45*748.97~
SVC*HC:29881*2621.40*1872.43**1~
DTM*472*20241213~
CLP*MMC2024000487*1*1373.16*980.83*0*12*CLAIMREF001*11~
CAS*CO*45*392.33~
SVC*HC:99395*1373.16*980.83**1~
DTM*472*20241220~
CLP*MMC2024000793*1*530.84*379.17*0*12*CLAIMREF001*11~
CAS*CO*45*151.67~
SVC*HC:93000*530.84*379.17**1~
DTM*472*20241215~
CLP*MMC2024000577*1*295.90*211.36*0*12*CLAIMREF001*11~
CAS*CO*45*84.54~
SVC*HC:80053*295.90*211.36**1~
DTM*472*20241223~
CLP*MMC2024000502*1*1429.95*1021.39*0*12*CLAIMREF001*11~
CAS*CO*45*408.56~
SVC*HC:99395*1429.95*1021.39**1~
DTM*472*20241210~
CLP*MMC2024000546*1*1493.74*1066.96*0*12*CLAIMREF001*11~
CAS*CO*45*426.78~
SVC*HC:99396*1493.74*1066.96**1~
DTM*472*20241203~
CLP*MMC2024000679*1*253.29*180.92*0*12*CLAIMREF001*11~
CAS*CO*45*72.37~
SVC*HC:85025*253.29*180.92**1~
DTM*472*20241215~
CLP*MMC2024000520*1*1559.45*1113.89*0*12*CLAIMREF001*11~
CAS*CO*45*445.56~
SVC*HC:99396*1559.45*1113.89**1~
DTM*472*20241211~
CLP*MMC2024000345*1*996.81*712.01*0*12*CLAIMREF001*11~
CAS*CO*45*284.80~
SVC*HC:99214*996.81*712.01**1~
DTM*472*20241210~
CLP*MMC2024000608*1*304.29*217.35*0*12*CLAIMREF001*11~
CAS*CO*45*86.94~
SVC*HC:80053*304.29*217.35**1~
DTM*472*20241224~
CLP*MMC2024000307*1*918.25*655.89*0*12*CLAIMREF001*11~
CAS*CO*45*262.36~
SVC*HC:99214*918.25*655.89**1~
DTM*472*20241212~
CLP*MMC2024000632*1*299.47*213.91*0*12*CLAIMREF001*11~
CAS*CO*45*85.56~
SVC*HC:80053*299.47*213.91**1~
DTM*472*20241218~
CLP*MMC2024000732*1*240.95*172.11*0*12*CLAIMREF001*11~
CAS*CO*45*68.84~
SVC*HC:85025*240.95*172.11**1~
DTM*472*20241214~
CLP*MMC2024000167*1*685.72*489.80*0*12*CLAIMREF001*11~
CAS*CO*45*195.92~
SVC*HC:99213*685.72*489.80**1~
DTM*472*20241205~
CLP*MMC2024000762*1*257.00*183.57*0*12*CLAIMREF001*11~
CAS*CO*45*73.43~
SVC*HC:85025*257.00*183.57**1~
DTM*472*20241219~
CLP*MMC2024000628*1*282.44*201.74*0*12*CLAIMREF001*11~
CAS*CO*45*80.70~
SVC*HC:80053*282.44*201.74**1~
DTM*472*20241208~
CLP*MMC2024000746*1*247.69*176.92*0*12*CLAIMREF001*11~
CAS*CO*45*70.77~
SVC*HC:85025*247.69*176.92**1~
DTM*472*20241222~
CLP*MMC2024000144*1*690.75*493.39*0*12*CLAIMREF001*11~
CAS*CO*45*197.36~
SVC*HC:99213*690.75*493.39**1~
DTM*472*20241218~
CLP*MMC2024000744*1*246.29*175.92*0*12*CLAIMREF001*11~
CAS*CO*45*70.37~
SVC*HC:85025*246.29*175.92**1~
DTM*472*20241210~
CLP*MMC2024000621*1*288.65*206.18*0*12*CLAIMREF001*11~
CAS*CO*45*82.47~
SVC*HC:80053*288.65*206.18**1~
DTM*472*20241220~
CLP*MMC2024000153*1*659.27*470.91*0*12*CLAIMREF001*11~
CAS*CO*45*188.36~
SVC*HC:99213*659.27*470.91**1~
DTM*472*20241219~
CLP*MMC2024000468*1*1326.12*947.23*0*12*CLAIMREF001*11~
CAS*CO*45*378.89~
SVC*HC:99395*1326.12*947.23**1~
DTM*472*20241217~
CLP*MMC2024000840*1*111.82*79.87*0*12*CLAIMREF001*11~
CAS*CO*45*31.95~
SVC*HC:36415*111.82*79.87**1~
DTM*472*20241210~
CLP*MMC2024000486*1*1358.74*970.53*0*12*CLAIMREF001*11~
CAS*CO*45*388.21~
SVC*HC:99395*1358.74*970.53**1~
DTM*472*20241207~
CLP*MMC2024000342*1*991.76*708.40*0*12*CLAIMREF001*11~
CAS*CO*45*283.36~
SVC*HC:99214*991.76*708.40**1~
DTM*472*20241206~
CLP*MMC2024000965*1*1207.88*862.77*0*12*CLAIMREF001*11~
CAS*CO*45*345.11~
SVC*HC:99232*1207.88*862.77**1~
DTM*472*20241202~
CLP*MMC2024000040*1*585.77*418.41*0*12*CLAIMREF001*11~
CAS*CO*45*167.36~
SVC*HC:93306*585.77*418.41**1~
DTM*472*20241209~
CLP*MMC2024000707*1*245.81*175.58*0*12*CLAIMREF001*11~
CAS*CO*45*70.23~
SVC*HC:85025*245.81*175.58**1~
DTM*472*20241228~
CLP*MMC2024000042*1*599.06*427.90*0*12*CLAIMREF001*11~
CAS*CO*45*171.16~
SVC*HC:93306*599.06*427.90**1~
DTM*472*20241208~
CLP*MMC2024000513*1*1488.52*1063.23*0*12*CLAIMREF001*11~
CAS*CO*45*425.29~
SVC*HC:99396*1488.52*1063.23**1~
DTM*472*20241224~
CLP*MMC2024000412*1*979.29*699.49*0*12*CLAIMREF001*11~
CAS*CO*45*279.80~
SVC*HC:99214*979.29*699.49**1~
DTM*472*20241225~
CLP*MMC2024000522*1*1525.52*1089.66*0*12*CLAIMREF001*11~
CAS*CO*45*435.86~
SVC*HC:99396*1525.52*1089.66**1~
DTM*472*20241213~
CLP*MMC2024000617*1*297.78*212.70*0*12*CLAIMREF001*11~
CAS*CO*45*85.08~
SVC*HC:80053*297.78*212.70**1~
DTM*472*20241212~
CLP*MMC2024000204*1*702.42*501.73*0*12*CLAIMREF001*11~
CAS*CO*45*200.69~
SVC*HC:99213*702.42*501.73**1~
DTM*472*20241208~
CLP*MMC2024000774*1*568.41*406.01*0*12*CLAIMREF001*11~
CAS*CO*45*162.40~
SVC*HC:93000*568.41*406.01**1~
DTM*472*20241208~
CLP*MMC2024000708*1*252.13*180.09*0*12*CLAIMREF001*11~
CAS*CO*45*72.04~
SVC*HC:85025*252.13*180.09**1~
DTM*472*20241225~
CLP*MMC2024000572*1*299.29*213.78*0*12*CLAIMREF001*11~
CAS*CO*45*85.51~
SVC*HC:80053*299.29*213.78**1~
DTM*472*20241215~
CLP*MMC2024000348*1*983.11*702.22*0*12*CLAIMREF001*11~
CAS*CO*45*280.89~
SVC*HC:99214*983.11*702.22**1~
DTM*472*20241213~
CLP*MMC2024000383*1*1009.26*720.90*0*12*CLAIMREF001*11~
CAS*CO*45*288.36~
SVC*HC:99214*1009.26*720.90**1~
DTM*472*20241203~
CLP*MMC2024000404*1*968.35*691.68*0*12*CLAIMREF001*11~
CAS*CO*45*276.67~
SVC*HC:99214*968.35*691.68**1~
DTM*472*20241210~
CLP*MMC2024000955*1*1121.06*800.76*0*12*CLAIMREF001*11~
CAS*CO*45*320.30~
SVC*HC:99232*1121.06*800.76**1~
DTM*472*20241228~
CLP*MMC2024000862*1*120.82*86.30*0*12*CLAIMREF001*11~
CAS*CO*45*34.52~
SVC*HC:36415*120.82*86.30**1~
DTM*472*20241227~
CLP*MMC2024000122*1*658.55*470.39*0*12*CLAIMREF001*11~
CAS*CO*45*188.16~
SVC*HC:99213*658.55*470.39**1~
DTM*472*20241207~
CLP*MMC2024000626*1*283.12*202.23*0*12*CLAIMREF001*11~
CAS*CO*45*80.89~
SVC*HC:80053*283.12*202.23**1~
DTM*472*20241202~
CLP*MMC2024000639*1*285.40*203.86*0*12*CLAIMREF001*11~
CAS*CO*45*81.54~
SVC*HC:80053*285.40*203.86**1~
DTM*472*20241215~
CLP*MMC2024000287*1*702.02*501.44*0*12*CLAIMREF001*11~
CAS*CO*45*200.58~
SVC*HC:99213*702.02*501.44**1~
DTM*472*20241216~
CLP*MMC2024000918*1*2441.71*1744.08*0*12*CLAIMREF001*11~
CAS*CO*45*697.63~
SVC*HC:99283*2441.71*1744.08**1~
DTM*472*20241224~
CLP*MMC2024000462*1*1333.49*952.49*0*12*CLAIMREF001*11~
CAS*CO*45*381.00~
SVC*HC:99395*1333.49*952.49**1~
DTM*472*20241222~
CLP*MMC2024000517*1*1558.07*1112.91*0*12*CLAIMREF001*11~
CAS*CO*45*445.16~
SVC*HC:99396*1558.07*1112.91**1~
DTM*472*20241216~
CLP*MMC2024000396*1*961.51*686.79*0*12*CLAIMREF001*11~
CAS*CO*45*274.72~
SVC*HC:99214*961.51*686.79**1~
DTM*472*20241210~
CLP*MMC2024000868*1*121.21*86.58*0*12*CLAIMREF001*11~
CAS*CO*45*34.63~
SVC*HC:36415*121.21*86.58**1~
DTM*472*20241226~
CLP*MMC2024000296*1*656.57*468.98*0*12*CLAIMREF001*11~
CAS*CO*45*187.59~
SVC*HC:99213*656.57*468.98**1~
DTM*472*20241205~
CLP*MMC2024000567*1*305.49*218.21*0*12*CLAIMREF001*11~
CAS*CO*45*87.28~
SVC*HC:80053*305.49*218.21**1~
DTM*472*20241222~
CLP*MMC2024000372*1*1007.96*719.97*0*12*CLAIMREF001*11~
CAS*CO*45*287.99~
SVC*HC:99214*1007.96*719.97**1~
DTM*472*20241209~
CLP*MMC2024000200*1*697.80*498.43*0*12*CLAIMREF001*11~
CAS*CO*45*199.37~
SVC*HC:99213*697.80*498.43**1~
DTM*472*20241222~
CLP*MMC2024000764*1*253.22*180.87*0*12*CLAIMREF001*11~
CAS*CO*45*72.35~
SVC*HC:85025*253.22*180.87**1~
DTM*472*20241214~
CLP*MMC2024000584*1*305.58*218.27*0*12*CLAIMREF001*11~
CAS*CO*45*87.31~
SVC*HC:80053*305.58*218.27**1~
DTM*472*20241210~
CLP*MMC2024000053*1*566.80*404.86*0*12*CLAIMREF001*11~
CAS*CO*45*161.94~
SVC*HC:93306*566.80*404.86**1~
DTM*472*20241224~
CLP*MMC2024000411*1*945.90*675.64*0*12*CLAIMREF001*11~
CAS*CO*45*270.26~
SVC*HC:99214*945.90*675.64**1~
DTM*472*20241205~
CLP*MMC2024000897*1*120.72*86.23*0*12*CLAIMREF001*11~
CAS*CO*45*34.49~
SVC*HC:36415*120.72*86.23**1~
DTM*472*20241208~
CLP*MMC2024000710*1*236.89*169.21*0*12*CLAIMREF001*11~
CAS*CO*45*67.68~
SVC*HC:85025*236.89*169.21**1~
DTM*472*20241210~
CLP*MMC2024000413*1*965.09*689.35*0*12*CLAIMREF001*11~
CAS*CO*45*275.74~
SVC*HC:99214*965.09*689.35**1~
DTM*472*20241228~
CLP*MMC2024000375*1*976.63*697.59*0*12*CLAIMREF001*11~
CAS*CO*45*279.04~
SVC*HC:99214*976.63*697.59**1~
DTM*472*20241213~
CLP*MMC2024000271*1*678.44*484.60*0*12*CLAIMREF001*11~
CAS*CO*45*193.84~
SVC*HC:99213*678.44*484.60**1~
DTM*472*20241205~
CLP*MMC2024000138*1*682.23*487.31*0*12*CLAIMREF001*11~
CAS*CO*45*194.92~
SVC*HC:99213*682.23*487.31**1~
DTM*472*20241214~
CLP*MMC2024000442*1*1398.46*998.90*0*12*CLAIMREF001*11~
CAS*CO*45*399.56~
SVC*HC:99395*1398.46*998.90**1~
DTM*472*20241215~
CLP*MMC2024000111*1*715.16*510.83*0*12*CLAIMREF001*11~
CAS*CO*45*204.33~
SVC*HC:99213*715.16*510.83**1~
DTM*472*20241219~
CLP*MMC2024000009*1*2600.74*1857.67*0*12*CLAIMREF001*11~
CAS*CO*45*743.07~
SVC*HC:29881*2600.74*1857.67**1~
DTM*472*20241207~
CLP*MMC2024000550*1*1641.37*1172.41*0*12*CLAIMREF001*11~
CAS*CO*45*468.96~
SVC*HC:99396*1641.37*1172.41**1~
DTM*472*20241225~
CLP*MMC2024000940*1*1159.33*828.09*0*12*CLAIMREF001*11~
CAS*CO*45*331.24~
SVC*HC:99232*1159.33*828.09**1~
DTM*472*20241213~
CLP*MMC2024000482*1*1435.08*1025.06*0*12*CLAIMREF001*11~
CAS*CO*45*410.02~
SVC*HC:99395*1435.08*1025.06**1~
DTM*472*20241213~
CLP*MMC2024000689*1*238.46*170.33*0*12*CLAIMREF001*11~
CAS*CO*45*68.13~
SVC*HC:85025*238.46*170.33**1~
DTM*472*20241221~
CLP*MMC2024000670*1*238.32*170.23*0*12*CLAIMREF001*11~
CAS*CO*45*68.09~
SVC*HC:85025*238.32*170.23**1~
DTM*472*20241217~
CLP*MMC2024000612*1*302.25*215.89*0*12*CLAIMREF001*11~
CAS*CO*45*86.36~
SVC*HC:80053*302.25*215.89**1~
DTM*472*20241201~
CLP*MMC2024000507*1*1354.68*967.63*0*12*CLAIMREF001*11~
CAS*CO*45*387.05~
SVC*HC:99395*1354.68*967.63**1~
DTM*472*20241220~
CLP*MMC2024000289*1*668.00*477.14*0*12*CLAIMREF001*11~
CAS*CO*45*190.86~
SVC*HC:99213*668.00*477.14**1~
DTM*472*20241221~
CLP*MMC2024000753*1*238.60*170.43*0*12*CLAIMREF001*11~
CAS*CO*45*68.17~
SVC*HC:85025*238.60*170.43**1~
DTM*472*20241216~
CLP*MMC2024000050*1*571.10*407.93*0*12*CLAIMREF001*11~
CAS*CO*45*163.17~
SVC*HC:93306*571.10*407.93**1~
DTM*472*20241216~
CLP*MMC2024000362*1*1010.48*721.77*0*12*CLAIMREF001*11~
CAS*CO*45*288.71~
SVC*HC:99214*1010.48*721.77**1~
DTM*472*20241221~
CLP*MMC2024000598*1*284.19*202.99*0*12*CLAIMREF001*11~
CAS*CO*45*81.20~
SVC*HC:80053*284.19*202.99**1~
DTM*472*20241205~
CLP*MMC2024000221*1*710.29*507.35*0*12*CLAIMREF001*11~
CAS*CO*45*202.94~
SVC*HC:99213*710.29*507.35**1~
DTM*472*20241225~
CLP*MMC2024000247*1*696.63*497.59*0*12*CLAIMREF001*11~
CAS*CO*45*199.04~
SVC*HC:99213*696.63*497.59**1~
DTM*472*20241213~
CLP*MMC2024000469*1*1391.40*993.86*0*12*CLAIMREF001*11~
CAS*CO*45*397.54~
SVC*HC:99395*1391.40*993.86**1~
DTM*472*20241209~
CLP*MMC2024000518*1*1542.18*1101.56*0*12*CLAIMREF001*11~
CAS*CO*45*440.62~
SVC*HC:99396*1542.18*1101.56**1~
DTM*472*20241218~
CLP*MMC2024000403*1*987.67*705.48*0*12*CLAIMREF001*11~
CAS*CO*45*282.19~
SVC*HC:99214*987.67*705.48**1~
DTM*472*20241225~
CLP*MMC2024000093*1*382.79*273.42*0*12*CLAIMREF001*11~
CAS*CO*45*109.37~
SVC*HC:20610*382.79*273.42**1~
DTM*472*20241228~
CLP*MMC2024000024*1*2467.50*1762.50*0*12*CLAIMREF001*11~
CAS*CO*45*705.00~
SVC*HC:73721*2467.50*1762.50**1~
DTM*472*20241210~
CLP*MMC2024000797*1*544.26*388.76*0*12*CLAIMREF001*11~
CAS*CO*45*155.50~
SVC*HC:93000*544.26*388.76**1~
DTM*472*20241215~
CLP*MMC2024000316*1*983.28*702.34*0*12*CLAIMREF001*11~
CAS*CO*45*280.94~
SVC*HC:99214*983.28*702.34**1~
DTM*472*20241213~
CLP*MMC2024000740*1*252.04*180.03*0*12*CLAIMREF001*11~
CAS*CO*45*72.01~
SVC*HC:85025*252.04*180.03**1~
DTM*472*20241216~
CLP*MMC2024000890*1*113.25*80.89*0*12*CLAIMREF001*11~
CAS*CO*45*32.36~
SVC*HC:36415*113.25*80.89**1~
DTM*472*20241223~
CLP*MMC2024000765*1*242.80*173.43*0*12*CLAIMREF001*11~
CAS*CO*45*69.37~
SVC*HC:85025*242.80*173.43**1~
DTM*472*20241213~
CLP*MMC2024000511*1*1553.12*1109.37*0*12*CLAIMREF001*11~
CAS*CO*45*443.75~
SVC*HC:99396*1553.12*1109.37**1~
DTM*472*20241226~
CLP*MMC2024000747*1*243.26*173.76*0*12*CLAIMREF001*11~
CAS*CO*45*69.50~
SVC*HC:85025*243.26*173.76**1~
DTM*472*20241208~
CLP*MMC2024000195*1*690.97*493.55*0*12*CLAIMREF001*11~
CAS*CO*45*197.42~
SVC*HC:99213*690.97*493.55**1~
DTM*472*20241205~
CLP*MMC2024000773*1*549.00*392.14*0*12*CLAIMREF001*11~
CAS*CO*45*156.86~
SVC*HC:93000*549.00*392.14**1~
DTM*472*20241210~
CLP*MMC2024000739*1*237.64*169.74*0*12*CLAIMREF001*11~
CAS*CO*45*67.90~
SVC*HC:85025*237.64*169.74**1~
DTM*472*20241215~
CLP*MMC2024000592*1*305.55*218.25*0*12*CLAIMREF001*11~
CAS*CO*45*87.30~
SVC*HC:80053*305.55*218.25**1~
DTM*472*20241221~
CLP*MMC2024000336*1*1009.40*721.00*0*12*CLAIMREF001*11~
CAS*CO*45*288.40~
SVC*HC:99214*1009.40*721.00**1~
DTM*472*20241207~
CLP*MMC2024000164*1*651.69*465.49*0*12*CLAIMREF001*11~
CAS*CO*45*186.20~
SVC*HC:99213*651.69*465.49**1~
DTM*472*20241220~
CLP*MMC2024000255*1*681.35*486.68*0*12*CLAIMREF001*11~
CAS*CO*45*194.67~
SVC*HC:99213*681.35*486.68**1~
DTM*472*20241207~
CLP*MMC2024000429*1*1005.44*718.17*0*12*CLAIMREF001*11~
CAS*CO*45*287.27~
SVC*HC:99214*1005.44*718.17**1~
DTM*472*20241210~
CLP*MMC2024000631*1*298.72*213.37*0*12*CLAIMREF001*11~
CAS*CO*45*85.35~
SVC*HC:80053*298.72*213.37**1~
DTM*472*20241224~
CLP*MMC2024000394*1*1013.95*724.25*0*12*CLAIMREF001*11~
CAS*CO*45*289.70~
SVC*HC:99214*1013.95*724.25**1~
DTM*472*20241218~
CLP*MMC2024000916*1*2419.10*1727.93*0*12*CLAIMREF001*11~
CAS*CO*45*691.17~
SVC*HC:99283*2419.10*1727.93**1~
DTM*472*20241201~
CLP*MMC2024000052*1*585.58*418.27*0*12*CLAIMREF001*11~
CAS*CO*45*167.31~
SVC*HC:93306*585.58*418.27**1~
DTM*472*20241209~
CLP*MMC2024000100*1*390.10*278.64*0*12*CLAIMREF001*11~
CAS*CO*45*111.46~
SVC*HC:20610*390.10*278.64**1~
DTM*472*20241208~
CLP*MMC2024000145*1*655.23*468.02*0*12*CLAIMREF001*11~
CAS*CO*45*187.21~
SVC*HC:99213*655.23*468.02**1~
DTM*472*20241211~
CLP*MMC2024000254*1*673.13*480.81*0*12*CLAIMREF001*11~
CAS*CO*45*192.32~
SVC*HC:99213*673.13*480.81**1~
DTM*472*20241215~
CLP*MMC2024000867*1*117.81*84.15*0*12*CLAIMREF001*11~
CAS*CO*45*33.66~
SVC*HC:36415*117.81*84.15**1~
DTM*472*20241206~
CLP*MMC2024000274*1*703.82*502.73*0*12*CLAIMREF001*11~
CAS*CO*45*201.09~
SVC*HC:99213*703.82*502.73**1~
DTM*472*20241204~
CLP*MMC2024000950*1*1128.15*805.82*0*12*CLAIMREF001*11~
CAS*CO*45*322.33~
SVC*HC:99232*1128.15*805.82**1~
DTM*472*20241211~
CLP*MMC2024000924*1*2399.61*1714.01*0*12*CLAIMREF001*11~
CAS*CO*45*685.60~
SVC*HC:99283*2399.61*1714.01**1~
DTM*472*20241225~
CLP*MMC2024000248*1*697.47*498.19*0*12*CLAIMREF001*11~
CAS*CO*45*199.28~
SVC*HC:99213*697.47*498.19**1~
DTM*472*20241206~
CLP*MMC2024000771*1*540.54*386.10*0*12*CLAIMREF001*11~
CAS*CO*45*154.44~
SVC*HC:93000*540.54*386.10**1~
DTM*472*20241219~
CLP*MMC2024000109*1*696.91*497.79*0*12*CLAIMREF001*11~
CAS*CO*45*199.12~
SVC*HC:99213*696.91*497.79**1~
DTM*472*20241207~
CLP*MMC2024000949*1*1180.17*842.98*0*12*CLAIMREF001*11~
CAS*CO*45*337.19~
SVC*HC:99232*1180.17*842.98**1~
DTM*472*20241211~
CLP*MMC2024000528*1*1612.24*1151.60*0*12*CLAIMREF001*11~
CAS*CO*45*460.64~
SVC*HC:99396*1612.24*1151.60**1~
DTM*472*20241221~
CLP*MMC2024000380*1*944.69*674.78*0*12*CLAIMREF001*11~
CAS*CO*45*269.91~
SVC*HC:99214*944.69*674.78**1~
DTM*472*20241220~
CLP*MMC2024000134*1*710.30*507.36*0*12*CLAIMREF001*11~
CAS*CO*45*202.94~
SVC*HC:99213*710.30*507.36**1~
DTM*472*20241202~
CLP*MMC2024000409*1*929.91*664.22*0*12*CLAIMREF001*11~
CAS*CO*45*265.69~
SVC*HC:99214*929.91*664.22**1~
DTM*472*20241202~
CLP*MMC2024000354*1*983.77*702.69*0*12*CLAIMREF001*11~
CAS*CO*45*281.08~
SVC*HC:99214*983.77*702.69**1~
DTM*472*20241226~
CLP*MMC2024000752*1*241.96*172.83*0*12*CLAIMREF001*11~
CAS*CO*45*69.13~
SVC*HC:85025*241.96*172.83**1~
DTM*472*20241211~
CLP*MMC2024000327*1*950.28*678.77*0*12*CLAIMREF001*11~
CAS*CO*45*271.51~
SVC*HC:99214*950.28*678.77**1~
DTM*472*20241213~
CLP*MMC2024000736*1*250.40*178.86*0*12*CLAIMREF001*11~
CAS*CO*45*71.54~
SVC*HC:85025*250.40*178.86**1~
DTM*472*20241202~
CLP*MMC2024000321*1*974.85*696.32*0*12*CLAIMREF001*11~
CAS*CO*45*278.53~
SVC*HC:99214*974.85*696.32**1~
DTM*472*20241222~
CLP*MMC2024000148*1*687.46*491.04*0*12*CLAIMREF001*11~
CAS*CO*45*196.42~
SVC*HC:99213*687.46*491.04**1~
DTM*472*20241202~
CLP*MMC2024000622*1*285.53*203.95*0*12*CLAIMREF001*11~
CAS*CO*45*81.58~
SVC*HC:80053*285.53*203.95**1~
DTM*472*20241203~
CLP*MMC2024000349*1*955.99*682.85*0*12*CLAIMREF001*11~
CAS*CO*45*273.14~
SVC*HC:99214*955.99*682.85**1~
DTM*472*20241223~
CLP*MMC2024000209*1*714.84*510.60*0*12*CLAIMREF001*11~
CAS*CO*45*204.24~
SVC*HC:99213*714.84*510.60**1~
DTM*472*20241226~
CLP*MMC2024000476*1*1347.30*962.36*0*12*CLAIMREF001*11~
CAS*CO*45*384.94~
SVC*HC:99395*1347.30*962.36**1~
DTM*472*20241223~
CLP*MMC2024000496*1*1323.81*945.58*0*12*CLAIMREF001*11~
CAS*CO*45*378.23~
SVC*HC:99395*1323.81*945.58**1~
DTM*472*20241218~
CLP*MMC2024000426*1*976.25*697.32*0*12*CLAIMREF001*11~
CAS*CO*45*278.93~
SVC*HC:99214*976.25*697.32**1~
DTM*472*20241226~
CLP*MMC2024000451*1*1324.85*946.32*0*12*CLAIMREF001*11~
CAS*CO*45*378.53~
SVC*HC:99395*1324.85*946.32**1~
DTM*472*20241210~
CLP*MMC2024000912*1*2482.02*1772.87*0*12*CLAIMREF001*11~
CAS*CO*45*709.15~
SVC*HC:99283*2482.02*1772.87**1~
DTM*472*20241217~
CLP*MMC2024000062*1*430.63*307.59*0*12*CLAIMREF001*11~
CAS*CO*45*123.04~
SVC*HC:75571*430.63*307.59**1~
DTM*472*20241203~
CLP*MMC2024000706*1*243.80*174.14*0*12*CLAIMREF001*11~
CAS*CO*45*69.66~
SVC*HC:85025*243.80*174.14**1~
DTM*472*20241204~
CLP*MMC2024000075*1*921.41*658.15*0*12*CLAIMREF001*11~
CAS*CO*45*263.26~
SVC*HC:93350*921.41*658.15**1~
DTM*472*20241204~
CLP*MMC2024000465*1*1439.12*1027.94*0*12*CLAIMREF001*11~
CAS*CO*45*411.18~
SVC*HC:99395*1439.12*1027.94**1~
DTM*472*20241222~
CLP*MMC2024000305*1*709.77*506.98*0*12*CLAIMREF001*11~
CAS*CO*45*202.79~
SVC*HC:99213*709.77*506.98**1~
DTM*472*20241225~
CLP*MMC2024000416*1*950.59*678.99*0*12*CLAIMREF001*11~
CAS*CO*45*271.60~
SVC*HC:99214*950.59*678.99**1~
DTM*472*20241202~
CLP*MMC2024000702*1*238.01*170.01*0*12*CLAIMREF001*11~
CAS*CO*45*68.00~
SVC*HC:85025*238.01*170.01**1~
DTM*472*20241224~
CLP*MMC2024000251*1*651.08*465.06*0*12*CLAIMREF001*11~
CAS*CO*45*186.02~
SVC*HC:99213*651.08*465.06**1~
DTM*472*20241210~
CLP*MMC2024000495*1*1411.66*1008.33*0*12*CLAIMREF001*11~
CAS*CO*45*403.33~
SVC*HC:99395*1411.66*1008.33**1~
DTM*472*20241223~
CLP*MMC2024000310*1*958.15*684.39*0*12*CLAIMREF001*11~
CAS*CO*45*273.76~
SVC*HC:99214*958.15*684.39**1~
DTM*472*20241224~
CLP*MMC2024000869*1*118.71*84.79*0*12*CLAIMREF001*11~
CAS*CO*45*33.92~
SVC*HC:36415*118.71*84.79**1~
DTM*472*20241228~
CLP*MMC2024000297*1*666.90*476.36*0*12*CLAIMREF001*11~
CAS*CO*45*190.54~
SVC*HC:99213*666.90*476.36**1~
DTM*472*20241223~
CLP*MMC2024000559*1*1516.33*1083.09*0*12*CLAIMREF001*11~
CAS*CO*45*433.24~
SVC*HC:99396*1516.33*1083.09**1~
DTM*472*20241206~
CLP*MMC2024000643*1*289.56*206.83*0*12*CLAIMREF001*11~
CAS*CO*45*82.73~
SVC*HC:80053*289.56*206.83**1~
DTM*472*20241213~
CLP*MMC2024000510*1*1609.16*1149.40*0*12*CLAIMREF001*11~
CAS*CO*45*459.76~
SVC*HC:99396*1609.16*1149.40**1~
DTM*472*20241228~
CLP*MMC2024000032*1*2545.12*1817.94*0*12*CLAIMREF001*11~
CAS*CO*45*727.18~
SVC*HC:73721*2545.12*1817.94**1~
DTM*472*20241215~
CLP*MMC2024000655*1*285.87*204.19*0*12*CLAIMREF001*11~
CAS*CO*45*81.68~
SVC*HC:80053*285.87*204.19**1~
DTM*472*20241225~
CLP*MMC2024000633*1*291.33*208.09*0*12*CLAIMREF001*11~
CAS*CO*45*83.24~
SVC*HC:80053*291.33*208.09**1~
DTM*472*20241224~
CLP*MMC2024000427*1*977.41*698.15*0*12*CLAIMREF001*11~
CAS*CO*45*279.26~
SVC*HC:99214*977.41*698.15**1~
DTM*472*20241225~
CLP*MMC2024000586*1*296.86*212.04*0*12*CLAIMREF001*11~
CAS*CO*45*84.82~
SVC*HC:80053*296.86*212.04**1~
DTM*472*20241212~
CLP*MMC2024000786*1*579.82*414.16*0*12*CLAIMREF001*11~
CAS*CO*45*165.66~
SVC*HC:93000*579.82*414.16**1~
DTM*472*20241221~
CLP*MMC2024000216*1*714.00*510.00*0*12*CLAIMREF001*11~
CAS*CO*45*204.00~
SVC*HC:99213*714.00*510.00**1~
DTM*472*20241212~
CLP*MMC2024000667*1*238.43*170.31*0*12*CLAIMREF001*11~
CAS*CO*45*68.12~
SVC*HC:85025*238.43*170.31**1~
DTM*472*20241203~
CLP*MMC2024000272*1*696.01*497.15*0*12*CLAIMREF001*11~
CAS*CO*45*198.86~
SVC*HC:99213*696.01*497.15**1~
DTM*472*20241201~
CLP*MMC2024000591*1*283.04*202.17*0*12*CLAIMREF001*11~
CAS*CO*45*80.87~
SVC*HC:80053*283.04*202.17**1~
DTM*472*20241204~
CLP*MMC2024000790*1*562.72*401.94*0*12*CLAIMREF001*11~
CAS*CO*45*160.78~
SVC*HC:93000*562.72*401.94**1~
DTM*472*20241220~
CLP*MMC2024000825*1*122.93*87.81*0*12*CLAIMREF001*11~
CAS*CO*45*35.12~
SVC*HC:36415*122.93*87.81**1~
DTM*472*20241220~
CLP*MMC2024000047*1*574.35*410.25*0*12*CLAIMREF001*11~
CAS*CO*45*164.10~
SVC*HC:93306*574.35*410.25**1~
DTM*472*20241207~
CLP*MMC2024000084*1*3051.34*2179.53*0*12*CLAIMREF001*11~
CAS*CO*45*871.81~
SVC*HC:75574*3051.34*2179.53**1~
DTM*472*20241227~
CLP*MMC2024000030*1*2700.99*1929.28*0*12*CLAIMREF001*11~
CAS*CO*45*771.71~
SVC*HC:73721*2700.99*1929.28**1~
DTM*472*20241228~
CLP*MMC2024000043*1*598.85*427.75*0*12*CLAIMREF001*11~
CAS*CO*45*171.10~
SVC*HC:93306*598.85*427.75**1~
DTM*472*20241227~
CLP*MMC2024000578*1*287.70*205.50*0*12*CLAIMREF001*11~
CAS*CO*45*82.20~
SVC*HC:80053*287.70*205.50**1~
DTM*472*20241227~
CLP*MMC2024000346*1*928.12*662.94*0*12*CLAIMREF001*11~
CAS*CO*45*265.18~
SVC*HC:99214*928.12*662.94**1~
DTM*472*20241201~
CLP*MMC2024000620*1*304.99*217.85*0*12*CLAIMREF001*11~
CAS*CO*45*87.14~
SVC*HC:80053*304.99*217.85**1~
DTM*472*20241218~
CLP*MMC2024000738*1*250.94*179.24*0*12*CLAIMREF001*11~
CAS*CO*45*71.70~
SVC*HC:85025*250.94*179.24**1~
DTM*472*20241222~
CLP*MMC2024000640*1*306.94*219.24*0*12*CLAIMREF001*11~
CAS*CO*45*87.70~
SVC*HC:80053*306.94*219.24**1~
DTM*472*20241228~
CLP*MMC2024000675*1*251.58*179.70*0*12*CLAIMREF001*11~
CAS*CO*45*71.88~
SVC*HC:85025*251.58*179.70**1~
DTM*472*20241201~
CLP*MMC2024000176*1*658.15*470.11*0*12*CLAIMREF001*11~
CAS*CO*45*188.04~
SVC*HC:99213*658.15*470.11**1~
DTM*472*20241205~
CLP*MMC2024000158*1*715.11*510.79*0*12*CLAIMREF001*11~
CAS*CO*45*204.32~
SVC*HC:99213*715.11*510.79**1~
DTM*472*20241207~
CLP*MMC2024000595*1*289.74*206.96*0*12*CLAIMREF001*11~
CAS*CO*45*82.78~
SVC*HC:80053*289.74*206.96**1~
DTM*472*20241205~
CLP*MMC2024000607*1*301.17*215.12*0*12*CLAIMREF001*11~
CAS*CO*45*86.05~
SVC*HC:80053*301.17*215.12**1~
DTM*472*20241208~
CLP*MMC2024000173*1*695.87*497.05*0*12*CLAIMREF001*11~
CAS*CO*45*198.82~
SVC*HC:99213*695.87*497.05**1~
DTM*472*20241201~
CLP*MMC2024000657*1*279.10*199.36*0*12*CLAIMREF001*11~
CAS*CO*45*79.74~
SVC*HC:80053*279.10*199.36**1~
DTM*472*20241228~
CLP*MMC2024000852*1*113.43*81.02*0*12*CLAIMREF001*11~
CAS*CO*45*32.41~
SVC*HC:36415*113.43*81.02**1~
DTM*472*20241206~
CLP*MMC2024000096*1*401.02*286.44*0*12*CLAIMREF001*11~
CAS*CO*45*114.58~
SVC*HC:20610*401.02*286.44**1~
DTM*472*20241207~
CLP*MMC2024000547*1*1524.89*1089.21*0*12*CLAIMREF001*11~
CAS*CO*45*435.68~
SVC*HC:99396*1524.89*1089.21**1~
DTM*472*20241222~
CLP*MMC2024000630*1*290.44*207.46*0*12*CLAIMREF001*11~
CAS*CO*45*82.98~
SVC*HC:80053*290.44*207.46**1~
DTM*472*20241212~
CLP*MMC2024000311*1*988.64*706.17*0*12*CLAIMREF001*11~
CAS*CO*45*282.47~
SVC*HC:99214*988.64*706.17**1~
DTM*472*20241226~
CLP*MMC2024000641*1*289.67*206.91*0*12*CLAIMREF001*11~
CAS*CO*45*82.76~
SVC*HC:80053*289.67*206.91**1~
DTM*472*20241222~
CLP*MMC2024000871*1*117.25*83.75*0*12*CLAIMREF001*11~
CAS*CO*45*33.50~
SVC*HC:36415*117.25*83.75**1~
DTM*472*20241212~
CLP*MMC2024000282*1*691.87*494.19*0*12*CLAIMREF001*11~
CAS*CO*45*197.68~
SVC*HC:99213*691.87*494.19**1~
DTM*472*20241225~
CLP*MMC2024000859*1*120.40*86.00*0*12*CLAIMREF001*11~
CAS*CO*45*34.40~
SVC*HC:36415*120.40*86.00**1~
DTM*472*20241215~
CLP*MMC2024000651*1*302.13*215.81*0*12*CLAIMREF001*11~
CAS*CO*45*86.32~
SVC*HC:80053*302.13*215.81**1~
DTM*472*20241207~
CLP*MMC2024000202*1*689.43*492.45*0*12*CLAIMREF001*11~
CAS*CO*45*196.98~
SVC*HC:99213*689.43*492.45**1~
DTM*472*20241228~
CLP*MMC2024000257*1*712.81*509.15*0*12*CLAIMREF001*11~
CAS*CO*45*203.66~
SVC*HC:99213*712.81*509.15**1~
DTM*472*20241226~
CLP*MMC2024000081*1*992.22*708.73*0*12*CLAIMREF001*11~
CAS*CO*45*283.49~
SVC*HC:93350*992.22*708.73**1~
DTM*472*20241201~
CLP*MMC2024000291*1*686.78*490.56*0*12*CLAIMREF001*11~
CAS*CO*45*196.22~
SVC*HC:99213*686.78*490.56**1~
DTM*472*20241221~
CLP*MMC2024000532*1*1540.13*1100.09*0*12*CLAIMREF001*11~
CAS*CO*45*440.04~
SVC*HC:99396*1540.13*1100.09**1~
DTM*472*20241204~
CLP*MMC2024000355*1*929.36*663.83*0*12*CLAIMREF001*11~
CAS*CO*45*265.53~
SVC*HC:99214*929.36*663.83**1~
DTM*472*20241219~
CLP*MMC2024000231*1*692.59*494.71*0*12*CLAIMREF001*11~
CAS*CO*45*197.88~
SVC*HC:99213*692.59*494.71**1~
DTM*472*20241217~
CLP*MMC2024000910*1*2597.92*1855.66*0*12*CLAIMREF001*11~
CAS*CO*45*742.26~
SVC*HC:99283*2597.92*1855.66**1~
DTM*472*20241203~
CLP*MMC2024000331*1*990.02*707.16*0*12*CLAIMREF001*11~
CAS*CO*45*282.86~
SVC*HC:99214*990.02*707.16**1~
DTM*472*20241202~
CLP*MMC2024000166*1*656.07*468.62*0*12*CLAIMREF001*11~
CAS*CO*45*187.45~
SVC*HC:99213*656.07*468.62**1~
DTM*472*20241207~
CLP*MMC2024000169*1*711.31*508.08*0*12*CLAIMREF001*11~
CAS*CO*45*203.23~
SVC*HC:99213*711.31*508.08**1~
DTM*472*20241212~
CLP*MMC2024000312*1*975.95*697.11*0*12*CLAIMREF001*11~
CAS*CO*45*278.84~
SVC*HC:99214*975.95*697.11**1~
DTM*472*20241208~
CLP*MMC2024000157*1*689.79*492.71*0*12*CLAIMREF001*11~
CAS*CO*45*197.08~
SVC*HC:99213*689.79*492.71**1~
DTM*472*20241211~
CLP*MMC2024000952*1*1168.48*834.63*0*12*CLAIMREF001*11~
CAS*CO*45*333.85~
SVC*HC:99232*1168.48*834.63**1~
DTM*472*20241223~
CLP*MMC2024000128*1*709.72*506.94*0*12*CLAIMREF001*11~
CAS*CO*45*202.78~
SVC*HC:99213*709.72*506.94**1~
DTM*472*20241204~
CLP*MMC2024000057*1*579.88*414.20*0*12*CLAIMREF001*11~
CAS*CO*45*165.68~
SVC*HC:93306*579.88*414.20**1~
DTM*472*20241205~
CLP*MMC2024000515*1*1578.96*1127.83*0*12*CLAIMREF001*11~
CAS*CO*45*451.13~
SVC*HC:99396*1578.96*1127.83**1~
DTM*472*20241222~
CLP*MMC2024000444*1*1428.74*1020.53*0*12*CLAIMREF001*11~
CAS*CO*45*408.21~
SVC*HC:99395*1428.74*1020.53**1~
DTM*472*20241226~
CLP*MMC2024000887*1*120.90*86.36*0*12*CLAIMREF001*11~
CAS*CO*45*34.54~
SVC*HC:36415*120.90*86.36**1~
DTM*472*20241205~
CLP*MMC2024000787*1*554.46*396.04*0*12*CLAIMREF001*11~
CAS*CO*45*158.42~
SVC*HC:93000*554.46*396.04**1~
DTM*472*20241225~
CLP*MMC2024000187*1*703.91*502.79*0*12*CLAIMREF001*11~
CAS*CO*45*201.12~
SVC*HC:99213*703.91*502.79**1~
DTM*472*20241221~
CLP*MMC2024000602*1*305.87*218.48*0*12*CLAIMREF001*11~
CAS*CO*45*87.39~
SVC*HC:80053*305.87*218.48**1~
DTM*472*20241216~
CLP*MMC2024000656*1*283.36*202.40*0*12*CLAIMREF001*11~
CAS*CO*45*80.96~
SVC*HC:80053*283.36*202.40**1~
DTM*472*20241220~
CLP*MMC2024000888*1*112.06*80.04*0*12*CLAIMREF001*11~
CAS*CO*45*32.02~
SVC*HC:36415*112.06*80.04**1~
DTM*472*20241227~
CLP*MMC2024000799*1*573.19*409.42*0*12*CLAIMREF001*11~
CAS*CO*45*163.77~
SVC*HC:93000*573.19*409.42**1~
DTM*472*20241203~
CLP*MMC2024000849*1*112.06*80.04*0*12*CLAIMREF001*11~
CAS*CO*45*32.02~
SVC*HC:36415*112.06*80.04**1~
DTM*472*20241211~
CLP*MMC2024000132*1*667.25*476.61*0*12*CLAIMREF001*11~
CAS*CO*45*190.64~
SVC*HC:99213*667.25*476.61**1~
DTM*472*20241214~
CLP*MMC2024000353*1*992.29*708.78*0*12*CLAIMREF001*11~
CAS*CO*45*283.51~
SVC*HC:99214*992.29*708.78**1~
DTM*472*20241228~
CLP*MMC2024000530*1*1639.26*1170.90*0*12*CLAIMREF001*11~
CAS*CO*45*468.36~
SVC*HC:99396*1639.26*1170.90**1~
DTM*472*20241205~
CLP*MMC2024000697*1*243.38*173.84*0*12*CLAIMREF001*11~
CAS*CO*45*69.54~
SVC*HC:85025*243.38*173.84**1~
DTM*472*20241209~
CLP*MMC2024000478*1*1431.65*1022.61*0*12*CLAIMREF001*11~
CAS*CO*45*409.04~
SVC*HC:99395*1431.65*1022.61**1~
DTM*472*20241227~
CLP*MMC2024000461*1*1336.43*954.59*0*12*CLAIMREF001*11~
CAS*CO*45*381.84~
SVC*HC:99395*1336.43*954.59**1~
DTM*472*20241203~
CLP*MMC2024000915*1*2513.85*1795.61*0*12*CLAIMREF001*11~
CAS*CO*45*718.24~
SVC*HC:99283*2513.85*1795.61**1~
DTM*472*20241212~
CLP*MMC2024000658*1*307.93*219.95*0*12*CLAIMREF001*11~
CAS*CO*45*87.98~
SVC*HC:80053*307.93*219.95**1~
DTM*472*20241205~
CLP*MMC2024000325*1*942.80*673.43*0*12*CLAIMREF001*11~
CAS*CO*45*269.37~
SVC*HC:99214*942.80*673.43**1~
DTM*472*20241211~
CLP*MMC2024000129*1*654.51*467.51*0*12*CLAIMREF001*11~
CAS*CO*45*187.00~
SVC*HC:99213*654.51*467.51**1~
DTM*472*20241218~
CLP*MMC2024000933*1*2454.96*1753.54*0*12*CLAIMREF001*11~
CAS*CO*45*701.42~
SVC*HC:99283*2454.96*1753.54**1~
DTM*472*20241227~
CLP*MMC2024000589*1*301.21*215.15*0*12*CLAIMREF001*11~
CAS*CO*45*86.06~
SVC*HC:80053*301.21*215.15**1~
DTM*472*20241225~
CLP*MMC2024000844*1*123.35*88.11*0*12*CLAIMREF001*11~
CAS*CO*45*35.24~
SVC*HC:36415*123.35*88.11**1~
DTM*472*20241205~
CLP*MMC2024000420*1*924.83*660.59*0*12*CLAIMREF001*11~
CAS*CO*45*264.24~
SVC*HC:99214*924.83*660.59**1~
DTM*472*20241221~
CLP*MMC2024000788*1*558.32*398.80*0*12*CLAIMREF001*11~
CAS*CO*45*159.52~
SVC*HC:93000*558.32*398.80**1~
DTM*472*20241219~
CLP*MMC2024000421*1*983.99*702.85*0*12*CLAIMREF001*11~
CAS*CO*45*281.14~
SVC*HC:99214*983.99*702.85**1~
DTM*472*20241205~
CLP*MMC2024000539*1*1541.16*1100.83*0*12*CLAIMREF001*11~
CAS*CO*45*440.33~
SVC*HC:99396*1541.16*1100.83**1~
DTM*472*20241223~
CLP*MMC2024000491*1*1320.06*942.90*0*12*CLAIMREF001*11~
CAS*CO*45*377.16~
SVC*HC:99395*1320.06*942.90**1~
DTM*472*20241210~
CLP*MMC2024000737*1*239.48*171.06*0*12*CLAIMREF001*11~
CAS*CO*45*68.42~
SVC*HC:85025*239.48*171.06**1~
DTM*472*20241225~
CLP*MMC2024000735*1*243.67*174.05*0*12*CLAIMREF001*11~
CAS*CO*45*69.62~
SVC*HC:85025*243.67*174.05**1~
DTM*472*20241219~
CLP*MMC2024000962*1*1204.20*860.14*0*12*CLAIMREF001*11~
CAS*CO*45*344.06~
SVC*HC:99232*1204.20*860.14**1~
DTM*472*20241206~
CLP*MMC2024000317*1*987.63*705.45*0*12*CLAIMREF001*11~
CAS*CO*45*282.18~
SVC*HC:99214*987.63*705.45**1~
DTM*472*20241227~
CLP*MMC2024000068*1*441.88*315.63*0*12*CLAIMREF001*11~
CAS*CO*45*126.25~
SVC*HC:75571*441.88*315.63**1~
DTM*472*20241218~
CLP*MMC2024000089*1*375.12*267.94*0*12*CLAIMREF001*11~
CAS*CO*45*107.18~
SVC*HC:20610*375.12*267.94**1~
DTM*472*20241225~
CLP*MMC2024000941*1*1203.41*859.58*0*12*CLAIMREF001*11~
CAS*CO*45*343.83~
SVC*HC:99232*1203.41*859.58**1~
DTM*472*20241213~
CLP*MMC2024000133*1*684.33*488.81*0*12*CLAIMREF001*11~
CAS*CO*45*195.52~
SVC*HC:99213*684.33*488.81**1~
DTM*472*20241207~
CLP*MMC2024000565*1*1528.11*1091.51*0*12*CLAIMREF001*11~
CAS*CO*45*436.60~
SVC*HC:99396*1528.11*1091.51**1~
DTM*472*20241201~
CLP*MMC2024000823*1*116.14*82.96*0*12*CLAIMREF001*11~
CAS*CO*45*33.18~
SVC*HC:36415*116.14*82.96**1~
DTM*472*20241209~
CLP*MMC2024000479*1*1406.34*1004.53*0*12*CLAIMREF001*11~
CAS*CO*45*401.81~
SVC*HC:99395*1406.34*1004.53**1~
DTM*472*20241202~
CLP*MMC2024000378*1*964.77*689.12*0*12*CLAIMREF001*11~
CAS*CO*45*275.65~
SVC*HC:99214*964.77*689.12**1~
DTM*472*20241212~
CLP*MMC2024000587*1*285.46*203.90*0*12*CLAIMREF001*11~
CAS*CO*45*81.56~
SVC*HC:80053*285.46*203.90**1~
DTM*472*20241207~
CLP*MMC2024000568*1*295.08*210.77*0*12*CLAIMREF001*11~
CAS*CO*45*84.31~
SVC*HC:80053*295.08*210.77**1~
DTM*472*20241203~
CLP*MMC2024000370*1*974.90*696.36*0*12*CLAIMREF001*11~
CAS*CO*45*278.54~
SVC*HC:99214*974.90*696.36**1~
DTM*472*20241211~
CLP*MMC2024000956*1*1223.19*873.71*0*12*CLAIMREF001*11~
CAS*CO*45*349.48~
SVC*HC:99232*1223.19*873.71**1~
DTM*472*20241220~
CLP*MMC2024000506*1*1364.72*974.80*0*12*CLAIMREF001*11~
CAS*CO*45*389.92~
SVC*HC:99395*1364.72*974.80**1~
DTM*472*20241205~
CLP*MMC2024000810*1*576.93*412.09*0*12*CLAIMREF001*11~
CAS*CO*45*164.84~
SVC*HC:93000*576.93*412.09**1~
DTM*472*20241211~
CLP*MMC2024000243*1*685.80*489.86*0*12*CLAIMREF001*11~
CAS*CO*45*195.94~
SVC*HC:99213*685.80*489.86**1~
DTM*472*20241222~
CLP*MMC2024000143*1*665.97*475.69*0*12*CLAIMREF001*11~
CAS*CO*45*190.28~
SVC*HC:99213*665.97*475.69**1~
DTM*472*20241202~
CLP*MMC2024000812*1*555.03*396.45*0*12*CLAIMREF001*11~
CAS*CO*45*158.58~
SVC*HC:93000*555.03*396.45**1~
DTM*472*20241206~
CLP*MMC2024000206*1*706.62*504.73*0*12*CLAIMREF001*11~
CAS*CO*45*201.89~
SVC*HC:99213*706.62*504.73**1~
DTM*472*20241214~
CLP*MMC2024000125*1*670.14*478.67*0*12*CLAIMREF001*11~
CAS*CO*45*191.47~
SVC*HC:99213*670.14*478.67**1~
DTM*472*20241208~
CLP*MMC2024000230*1*704.94*503.53*0*12*CLAIMREF001*11~
CAS*CO*45*201.41~
SVC*HC:99213*704.94*503.53**1~
DTM*472*20241214~
CLP*MMC2024000521*1*1624.34*1160.24*0*12*CLAIMREF001*11~
CAS*CO*45*464.10~
SVC*HC:99396*1624.34*1160.24**1~
DTM*472*20241223~
CLP*MMC2024000371*1*999.95*714.25*0*12*CLAIMREF001*11~
CAS*CO*45*285.70~
SVC*HC:99214*999.95*714.25**1~
DTM*472*20241227~
CLP*MMC2024000813*1*529.21*378.01*0*12*CLAIMREF001*11~
CAS*CO*45*151.20~
SVC*HC:93000*529.21*378.01**1~
DTM*472*20241223~
CLP*MMC2024000179*1*669.72*478.37*0*12*CLAIMREF001*11~
CAS*CO*45*191.35~
SVC*HC:99213*669.72*478.37**1~
DTM*472*20241220~
CLP*MMC2024000654*1*285.36*203.83*0*12*CLAIMREF001*11~
CAS*CO*45*81.53~
SVC*HC:80053*285.36*203.83**1~
DTM*472*20241228~
CLP*MMC2024000718*1*241.23*172.31*0*12*CLAIMREF001*11~
CAS*CO*45*68.92~
SVC*HC:85025*241.23*172.31**1~
DTM*472*20241214~
CLP*MMC2024000920*1*2547.54*1819.67*0*12*CLAIMREF001*11~
CAS*CO*45*727.87~
SVC*HC:99283*2547.54*1819.67**1~
DTM*472*20241224~
CLP*MMC2024000729*1*245.56*175.40*0*12*CLAIMREF001*11~
CAS*CO*45*70.16~
SVC*HC:85025*245.56*175.40**1~
DTM*472*20241205~
CLP*MMC2024000162*1*671.61*479.72*0*12*CLAIMREF001*11~
CAS*CO*45*191.89~
SVC*HC:99213*671.61*479.72**1~
DTM*472*20241211~
CLP*MMC2024000872*1*118.12*84.37*0*12*CLAIMREF001*11~
CAS*CO*45*33.75~
SVC*HC:36415*118.12*84.37**1~
DTM*472*20241204~
CLP*MMC2024000308*1*946.53*676.09*0*12*CLAIMREF001*11~
CAS*CO*45*270.44~
SVC*HC:99214*946.53*676.09**1~
DTM*472*20241213~
CLP*MMC2024000913*1*2493.64*1781.17*0*12*CLAIMREF001*11~
CAS*CO*45*712.47~
SVC*HC:99283*2493.64*1781.17**1~
DTM*472*20241213~
CLP*MMC2024000298*1*661.53*472.52*0*12*CLAIMREF001*11~
CAS*CO*45*189.01~
SVC*HC:99213*661.53*472.52**1~
DTM*472*20241207~
CLP*MMC2024000556*1*1546.83*1104.88*0*12*CLAIMREF001*11~
CAS*CO*45*441.95~
SVC*HC:99396*1546.83*1104.88**1~
DTM*472*20241205~
CLP*MMC2024000564*1*1588.05*1134.32*0*12*CLAIMREF001*11~
CAS*CO*45*453.73~
SVC*HC:99396*1588.05*1134.32**1~
DTM*472*20241215~
CLP*MMC2024000067*1*441.83*315.59*0*12*CLAIMREF001*11~
CAS*CO*45*126.24~
SVC*HC:75571*441.83*315.59**1~
DTM*472*20241204~
CLP*MMC2024000727*1*235.77*168.41*0*12*CLAIMREF001*11~
CAS*CO*45*67.36~
SVC*HC:85025*235.77*168.41**1~
DTM*472*20241228~
CLP*MMC2024000356*1*993.27*709.48*0*12*CLAIMREF001*11~
CAS*CO*45*283.79~
SVC*HC:99214*993.27*709.48**1~
DTM*472*20241212~
CLP*MMC2024000684*1*249.21*178.01*0*12*CLAIMREF001*11~
CAS*CO*45*71.20~
SVC*HC:85025*249.21*178.01**1~
DTM*472*20241211~
CLP*MMC2024000328*1*944.55*674.68*0*12*CLAIMREF001*11~
CAS*CO*45*269.87~
SVC*HC:99214*944.55*674.68**1~
DTM*472*20241227~
CLP*MMC2024000866*1*120.75*86.25*0*12*CLAIMREF001*11~
CAS*CO*45*34.50~
SVC*HC:36415*120.75*86.25**1~
DTM*472*20241217~
CLP*MMC2024000699*1*252.66*180.47*0*12*CLAIMREF001*11~
CAS*CO*45*72.19~
SVC*HC:85025*252.66*180.47**1~
DTM*472*20241216~
CLP*MMC2024000830*1*119.81*85.58*0*12*CLAIMREF001*11~
CAS*CO*45*34.23~
SVC*HC:36415*119.81*85.58**1~
DTM*472*20241213~
CLP*MMC2024000090*1*393.29*280.92*0*12*CLAIMREF001*11~
CAS*CO*45*112.37~
SVC*HC:20610*393.29*280.92**1~
DTM*472*20241205~
CLP*MMC2024000456*1*1357.27*969.48*0*12*CLAIMREF001*11~
CAS*CO*45*387.79~
SVC*HC:99395*1357.27*969.48**1~
DTM*472*20241209~
CLP*MMC2024000731*1*237.90*169.93*0*12*CLAIMREF001*11~
CAS*CO*45*67.97~
SVC*HC:85025*237.90*169.93**1~
DTM*472*20241217~
CLP*MMC2024000921*1*2543.87*1817.05*0*12*CLAIMREF001*11~
CAS*CO*45*726.82~
SVC*HC:99283*2543.87*1817.05**1~
DTM*472*20241205~
CLP*MMC2024000177*1*669.17*477.98*0*12*CLAIMREF001*11~
CAS*CO*45*191.19~
SVC*HC:99213*669.17*477.98**1~
DTM*472*20241204~
CLP*MMC2024000463*1*1416.69*1011.92*0*12*CLAIMREF001*11~
CAS*CO*45*404.77~
SVC*HC:99395*1416.69*1011.92**1~
DTM*472*20241219~
CLP*MMC2024000076*1*987.28*705.20*0*12*CLAIMREF001*11~
CAS*CO*45*282.08~
SVC*HC:93350*987.28*705.20**1~
DTM*472*20241210~
CLP*MMC2024000874*1*121.60*86.86*0*12*CLAIMREF001*11~
CAS*CO*45*34.74~
SVC*HC:36415*121.60*86.86**1~
DTM*472*20241210~
CLP*MMC2024000139*1*698.80*499.14*0*12*CLAIMREF001*11~
CAS*CO*45*199.66~
SVC*HC:99213*698.80*499.14**1~
DTM*472*20241224~
CLP*MMC2024000126*1*710.99*507.85*0*12*CLAIMREF001*11~
CAS*CO*45*203.14~
SVC*HC:99213*710.99*507.85**1~
DTM*472*20241203~
CLP*MMC2024000205*1*710.30*507.36*0*12*CLAIMREF001*11~
CAS*CO*45*202.94~
SVC*HC:99213*710.30*507.36**1~
DTM*472*20241226~
CLP*MMC2024000503*1*1371.86*979.90*0*12*CLAIMREF001*11~
CAS*CO*45*391.96~
SVC*HC:99395*1371.86*979.90**1~
DTM*472*20241209~
CLP*MMC2024000711*1*250.52*178.94*0*12*CLAIMREF001*11~
CAS*CO*45*71.58~
SVC*HC:85025*250.52*178.94**1~
DTM*472*20241212~
CLP*MMC2024000293*1*656.36*468.83*0*12*CLAIMREF001*11~
CAS*CO*45*187.53~
SVC*HC:99213*656.36*468.83**1~
DTM*472*20241210~
CLP*MMC2024000627*1*287.97*205.69*0*12*CLAIMREF001*11~
CAS*CO*45*82.28~
SVC*HC:80053*287.97*205.69**1~
DTM*472*20241216~
CLP*MMC2024000220*1*678.36*484.54*0*12*CLAIMREF001*11~
CAS*CO*45*193.82~
SVC*HC:99213*678.36*484.54**1~
DTM*472*20241209~
CLP*MMC2024000457*1*1370.70*979.07*0*12*CLAIMREF001*11~
CAS*CO*45*391.63~
SVC*HC:99395*1370.70*979.07**1~
DTM*472*20241216~
CLP*MMC2024000721*1*252.36*180.26*0*12*CLAIMREF001*11~
CAS*CO*45*72.10~
SVC*HC:85025*252.36*180.26**1~
DTM*472*20241218~
CLP*MMC2024000267*1*709.28*506.63*0*12*CLAIMREF001*11~
CAS*CO*45*202.65~
SVC*HC:99213*709.28*506.63**1~
DTM*472*20241203~
CLP*MMC2024000794*1*562.07*401.48*0*12*CLAIMREF001*11~
CAS*CO*45*160.59~
SVC*HC:93000*562.07*401.48**1~
DTM*472*20241226~
CLP*MMC2024000269*1*690.51*493.22*0*12*CLAIMREF001*11~
CAS*CO*45*197.29~
SVC*HC:99213*690.51*493.22**1~
DTM*472*20241223~
CLP*MMC2024000121*1*674.31*481.65*0*12*CLAIMREF001*11~
CAS*CO*45*192.66~
SVC*HC:99213*674.31*481.65**1~
DTM*472*20241228~
CLP*MMC2024000576*1*290.22*207.30*0*12*CLAIMREF001*11~
CAS*CO*45*82.92~
SVC*HC:80053*290.22*207.30**1~
DTM*472*20241212~
CLP*MMC2024000936*1*2403.59*1716.85*0*12*CLAIMREF001*11~
CAS*CO*45*686.74~
SVC*HC:99283*2403.59*1716.85**1~
DTM*472*20241212~
CLP*MMC2024000397*1*941.96*672.83*0*12*CLAIMREF001*11~
CAS*CO*45*269.13~
SVC*HC:99214*941.96*672.83**1~
DTM*472*20241204~
CLP*MMC2024000531*1*1566.80*1119.14*0*12*CLAIMREF001*11~
CAS*CO*45*447.66~
SVC*HC:99396*1566.80*1119.14**1~
DTM*472*20241219~
CLP*MMC2024000512*1*1567.65*1119.75*0*12*CLAIMREF001*11~
CAS*CO*45*447.90~
SVC*HC:99396*1567.65*1119.75**1~
DTM*472*20241227~
CLP*MMC2024000191*1*651.71*465.51*0*12*CLAIMREF001*11~
CAS*CO*45*186.20~
SVC*HC:99213*651.71*465.51**1~
DTM*472*20241203~
CLP*MMC2024000754*1*254.14*181.53*0*12*CLAIMREF001*11~
CAS*CO*45*72.61~
SVC*HC:85025*254.14*181.53**1~
DTM*472*20241206~
CLP*MMC2024000027*1*2595.92*1854.23*0*12*CLAIMREF001*11~
CAS*CO*45*741.69~
SVC*HC:73721*2595.92*1854.23**1~
DTM*472*20241223~
CLP*MMC2024000117*1*683.06*487.90*0*12*CLAIMREF001*11~
CAS*CO*45*195.16~
SVC*HC:99213*683.06*487.90**1~
DTM*472*20241224~
CLP*MMC2024000256*1*686.08*490.06*0*12*CLAIMREF001*11~
CAS*CO*45*196.02~
SVC*HC:99213*686.08*490.06**1~
DTM*472*20241226~
CLP*MMC2024000286*1*681.62*486.87*0*12*CLAIMREF001*11~
CAS*CO*45*194.75~
SVC*HC:99213*681.62*486.87**1~
DTM*472*20241206~
CLP*MMC2024000666*1*300.80*214.86*0*12*CLAIMREF001*11~
CAS*CO*45*85.94~
SVC*HC:80053*300.80*214.86**1~
DTM*472*20241217~
CLP*MMC2024000322*1*920.29*657.35*0*12*CLAIMREF001*11~
CAS*CO*45*262.94~
SVC*HC:99214*920.29*657.35**1~
DTM*472*20241221~
CLP*MMC2024000408*1*919.04*656.46*0*12*CLAIMREF001*11~
CAS*CO*45*262.58~
SVC*HC:99214*919.04*656.46**1~
DTM*472*20241218~
CLP*MMC2024000376*1*950.17*678.69*0*12*CLAIMREF001*11~
CAS*CO*45*271.48~
SVC*HC:99214*950.17*678.69**1~
DTM*472*20241216~
CLP*MMC2024000543*1*1547.64*1105.46*0*12*CLAIMREF001*11~
CAS*CO*45*442.18~
SVC*HC:99396*1547.64*1105.46**1~
DTM*472*20241211~
CLP*MMC2024000141*1*696.42*497.44*0*12*CLAIMREF001*11~
CAS*CO*45*198.98~
SVC*HC:99213*696.42*497.44**1~
DTM*472*20241216~
CLP*MMC2024000588*1*297.26*212.33*0*12*CLAIMREF001*11~
CAS*CO*45*84.93~
SVC*HC:80053*297.26*212.33**1~
DTM*472*20241222~
CLP*MMC2024000079*1*940.00*671.43*0*12*CLAIMREF001*11~
CAS*CO*45*268.57~
SVC*HC:93350*940.00*671.43**1~
DTM*472*20241206~
CLP*MMC2024000782*1*532.74*380.53*0*12*CLAIMREF001*11~
CAS*CO*45*152.21~
SVC*HC:93000*532.74*380.53**1~
DTM*472*20241209~
CLP*MMC2024000455*1*1396.50*997.50*0*12*CLAIMREF001*11~
CAS*CO*45*399.00~
SVC*HC:99395*1396.50*997.50**1~
DTM*472*20241223~
CLP*MMC2024000381*1*985.40*703.86*0*12*CLAIMREF001*11~
CAS*CO*45*281.54~
SVC*HC:99214*985.40*703.86**1~
DTM*472*20241209~
SE*3892*0001~
GE*1*1~
IEA*1*000000001~
