ISA*00*          *00*          *ZZ*CIGNA          *ZZ*MIDWESTMFG     *250103*1200*^*00501*000000001*0*P*:~
GS*HP*CIGNA*MIDWESTMFG*20250103*1200*1*X*005010X221A1~
ST*835*0001~
BPR*I*286138.29*C*ACH*CTX*01*011000015*DA*1234567890*1512345678**01*011000015*DA*9876543210*20250103~
TRN*1*12345678901234*1512345678~
DTM*405*20250103~
N1*PR*Cigna Health and Life Insurance Company~
N3*900 Cottage Grove Road~
N4*Bloomfield*CT*06002~
N1*PE*Midwest Manufacturing Co*FI*363456789~
N3*4500 Industrial Parkway~
N4*Columbus*OH*43228~
LX*1~
CLP*MMC2024000522*1*358.43*256.02*0*12*CLAIMREF001*11~
CLM*MMC2024000522*358.43***24:B:1*Y*A*Y*I~
NM1*82*1*PATEL*RAJ***XX*3456789012~
NM1*77*2*NORTHWEST SURGICAL ASC****XX*6666666666~
CAS*CO*45*102.41~
SVC*HC:99204*358.43*256.02**1~
DTM*472*20241227~
CLP*MMC2024000253*1*200.28*143.06*0*12*CLAIMREF001*11~
CLM*MMC2024000253*200.28***19:B:1*Y*A*Y*I~
NM1*82*1*THOMPSON*MICHAEL***XX*6789012345~
NM1*77*2*ST LUKE OUTPATIENT****XX*7777777777~
CAS*CO*45*57.22~
SVC*HC:99213*200.28*143.06**1~
DTM*472*20241225~
CLP*MMC2024000143*1*198.77*141.98*0*12*CLAIMREF001*11~
CLM*MMC2024000143*198.77***24:B:1*Y*A*Y*I~
NM1*82*1*ANDERSON*DAVID***XX*8901234567~
NM1*77*2*NORTHWEST SURGICAL ASC****XX*6666666666~
CAS*CO*45*56.79~
SVC*HC:99213*198.77*141.98**1~
DTM*472*20241224~
CLP*MMC2024000683*1*23.27*16.62*0*12*CLAIMREF001*11~
CLM*MMC2024000683*23.27***11:B:1*Y*A*Y*I~
NM1*82*1*WILLIAMS*JAMES***XX*4567890123~
NM1*77*2*COMMUNITY IMAGING LLC****XX*5555555555~
CAS*CO*45*6.65~
SVC*HC:80053*23.27*16.62**1~
DTM*472*20241213~
CLP*MMC2024000159*1*204.02*145.73*0*12*CLAIMREF001*11~
CLM*MMC2024000159*204.02***19:B:1*Y*A*Y*I~
NM1*82*1*ANDERSON*DAVID***XX*8901234567~
NM1*77*2*ST LUKE OUTPATIENT****XX*7777777777~
CAS*CO*45*58.29~
SVC*HC:99213*204.02*145.73**1~
DTM*472*20241223~
CLP*MMC2024000961*1*17.57*12.55*0*12*CLAIMREF001*11~
CLM*MMC2024000961*17.57***11:B:1*Y*A*Y*I~
NM1*82*1*JOHNSON*SARAH***XX*2345678901~
NM1*77*2*COMMUNITY IMAGING LLC****XX*5555555555~
CAS*CO*45*5.02~
SVC*HC:36415*17.57*12.55**1~
DTM*472*20241218~
CLP*MMC2024000787*1*16.11*11.51*0*12*CLAIMREF001*11~
CLM*MMC2024000787*16.11***11:B:1*Y*A*Y*I~
NM1*82*1*WILLIAMS*JAMES***XX*4567890123~
NM1*77*2*ADVANCED IMAGING CENTER****XX*2222222222~
CAS*CO*45*4.60~
SVC*HC:85025*16.11*11.51**1~
DTM*472*20241212~
CLP*MMC2024000644*1*22.12*15.80*0*12*CLAIMREF001*11~
CLM*MMC2024000644*22.12***11:B:1*Y*A*Y*I~
NM1*82*1*CHEN*LISA***XX*5678901234~
NM1*77*2*ADVANCED IMAGING CENTER****XX*2222222222~
CAS*CO*45*6.32~
SVC*HC:80053*22.12*15.80**1~
DTM*472*20241201~
CLP*MMC2024000416*1*274.40*196.00*0*12*CLAIMREF001*11~
CLM*MMC2024000416*274.40***22:B:1*Y*A*Y*I~
NM1*82*1*MARTINEZ*CARLOS***XX*1234567890~
NM1*77*2*MIDWEST GENERAL HOSPITAL****XX*1111111111~
CAS*CO*45*78.40~
SVC*HC:99214*274.40*196.00**1~
DTM*472*20241216~
CLP*MMC2024000555*1*444.37*317.41*0*12*CLAIMREF001*11~
CLM*MMC2024000555*444.37***22:B:1*Y*A*Y*I~
NM1*82*1*WILLIAMS*JAMES***XX*4567890123~
NM1*77*2*MIDWEST GENERAL HOSPITAL****XX*1111111111~
CAS*CO*45*126.96~
SVC*HC:99205*444.37*317.41**1~
DTM*472*20241215~
CLP*MMC2024000088*1*944.23*674.45*0*12*CLAIMREF001*11~
CLM*MMC2024000088*944.23***22:B:1*Y*A*Y*I~
NM1*82*1*MARTINEZ*CARLOS***XX*1234567890~
NM1*77*2*MIDWEST GENERAL HOSPITAL****XX*1111111111~
CAS*CO*45*269.78~
SVC*HC:20610*944.23*674.45**1~
DTM*472*20241208~
CLP*MMC2024000640*1*21.52*15.37*0*12*CLAIMREF001*11~
CLM*MMC2024000640*21.52***11:B:1*Y*A*Y*I~
NM1*82*1*MARTINEZ*CARLOS***XX*1234567890~
NM1*77*2*COMMUNITY IMAGING LLC****XX*5555555555~
CAS*CO*45*6.15~
SVC*HC:80053*21.52*15.37**1~
DTM*472*20241205~
CLP*MMC2024000451*1*277.82*198.44*0*12*CLAIMREF001*11~
CLM*MMC2024000451*277.82***11:B:1*Y*A*Y*I~
NM1*82*1*WILLIAMS*JAMES***XX*4567890123~
NM1*77*2*COMMUNITY IMAGING LLC****XX*5555555555~
CAS*CO*45*79.38~
SVC*HC:99214*277.82*198.44**1~
DTM*472*20241223~
CLP*MMC2024000930*1*18.91*13.51*0*12*CLAIMREF001*11~
CLM*MMC2024000930*18.91***11:B:1*Y*A*Y*I~
NM1*82*1*PATEL*RAJ***XX*3456789012~
NM1*77*2*COMMUNITY IMAGING LLC****XX*5555555555~
CAS*CO*45*5.40~
SVC*HC:36415*18.91*13.51**1~
DTM*472*20241209~
CLP*MMC2024000210*1*194.84*139.17*0*12*CLAIMREF001*11~
CLM*MMC2024000210*194.84***22:B:1*Y*A*Y*I~
NM1*82*1*PATEL*RAJ***XX*3456789012~
NM1*77*2*MIDWEST GENERAL HOSPITAL****XX*1111111111~
CAS*CO*45*55.67~
SVC*HC:99213*194.84*139.17**1~
DTM*472*20241213~
CLP*MMC2024000477*1*344.71*246.22*0*12*CLAIMREF001*11~
CLM*MMC2024000477*344.71***22:B:1*Y*A*Y*I~
NM1*82*1*THOMPSON*MICHAEL***XX*6789012345~
NM1*77*2*REGIONAL MEDICAL CENTER****XX*4444444444~
CAS*CO*45*98.49~
SVC*HC:99204*344.71*246.22**1~
DTM*472*20241226~
CLP*MMC2024000748*1*15.67*11.19*0*12*CLAIMREF001*11~
CLM*MMC2024000748*15.67***11:B:1*Y*A*Y*I~
NM1*82*1*CHEN*LISA***XX*5678901234~
NM1*77*2*ADVANCED IMAGING CENTER****XX*2222222222~
CAS*CO*45*4.48~
SVC*HC:85025*15.67*11.19**1~
DTM*472*20241211~
CLP*MMC2024000618*1*23.13*16.52*0*12*CLAIMREF001*11~
CLM*MMC2024000618*23.13***11:B:1*Y*A*Y*I~
NM1*82*1*PATEL*RAJ***XX*3456789012~
NM1*77*2*COMMUNITY IMAGING LLC****XX*5555555555~
CAS*CO*45*6.61~
SVC*HC:80053*23.13*16.52**1~
DTM*472*20241220~
CLP*MMC2024001055*1*132.27*94.48*0*12*CLAIMREF001*11~
CLM*MMC2024001055*132.27***11:B:1*Y*A*Y*I~
NM1*82*1*ANDERSON*DAVID***XX*8901234567~
NM1*77*2*COMMUNITY IMAGING LLC****XX*5555555555~
CAS*CO*45*37.79~
SVC*HC:99232*132.27*94.48**1~
DTM*472*20241223~
CLP*MMC2024000487*1*341.80*244.14*0*12*CLAIMREF001*11~
CLM*MMC2024000487*341.80***11:B:1*Y*A*Y*I~
NM1*82*1*ANDERSON*DAVID***XX*8901234567~
NM1*77*2*ADVANCED IMAGING CENTER****XX*2222222222~
CAS*CO*45*97.66~
SVC*HC:99204*341.80*244.14**1~
DTM*472*20241227~
CLP*MMC2024000266*1*189.24*135.17*0*12*CLAIMREF001*11~
CLM*MMC2024000266*189.24***11:B:1*Y*A*Y*I~
NM1*82*1*PATEL*RAJ***XX*3456789012~
NM1*77*2*ADVANCED IMAGING CENTER****XX*2222222222~
CAS*CO*45*54.07~
SVC*HC:99213*189.24*135.17**1~
DTM*472*20241228~
CLP*MMC2024000415*1*269.08*192.20*0*12*CLAIMREF001*11~
CLM*MMC2024000415*269.08***22:B:1*Y*A*Y*I~
NM1*82*1*ANDERSON*DAVID***XX*8901234567~
NM1*77*2*REGIONAL MEDICAL CENTER****XX*4444444444~
CAS*CO*45*76.88~
SVC*HC:99214*269.08*192.20**1~
DTM*472*20241210~
CLP*MMC2024000326*1*268.46*191.76*0*12*CLAIMREF001*11~
CLM*MMC2024000326*268.46***22:B:1*Y*A*Y*I~
NM1*82*1*GARCIA*MARIA***XX*7890123456~
NM1*77*2*MIDWEST GENERAL HOSPITAL****XX*1111111111~
CAS*CO*45*76.70~
SVC*HC:99214*268.46*191.76**1~
DTM*472*20241205~
CLP*MMC2024000641*1*21.31*15.22*0*12*CLAIMREF001*11~
CLM*MMC2024000641*21.31***11:B:1*Y*A*Y*I~
NM1*82*1*JOHNSON*SARAH***XX*2345678901~
NM1*77*2*ADVANCED IMAGING CENTER****XX*2222222222~
CAS*CO*45*6.09~
SVC*HC:80053*21.31*15.22**1~
DTM*472*20241208~
CLP*MMC2024000063*1*399.70*285.50*0*12*CLAIMREF001*11~
CLM*MMC2024000063*399.70***11:B:1*Y*A*Y*I~
NM1*82*1*ANDERSON*DAVID***XX*8901234567~
NM1*77*2*COMMUNITY IMAGING LLC****XX*5555555555~
CAS*CO*45*114.20~
SVC*HC:75571*399.70*285.50**1~
DTM*472*20241211~
CLP*MMC2024000226*1*190.06*135.76*0*12*CLAIMREF001*11~
CLM*MMC2024000226*190.06***22:B:1*Y*A*Y*I~
NM1*82*1*PATEL*RAJ***XX*3456789012~
NM1*77*2*REGIONAL MEDICAL CENTER****XX*4444444444~
CAS*CO*45*54.30~
SVC*HC:99213*190.06*135.76**1~
DTM*472*20241226~
CLP*MMC2024000565*1*475.83*339.88*0*12*CLAIMREF001*11~
CLM*MMC2024000565*475.83***11:B:1*Y*A*Y*I~
NM1*82*1*THOMPSON*MICHAEL***XX*6789012345~
NM1*77*2*ADVANCED IMAGING CENTER****XX*2222222222~
CAS*CO*45*135.95~
SVC*HC:99205*475.83*339.88**1~
DTM*472*20241220~
CLP*MMC2024000256*1*202.71*144.79*0*12*CLAIMREF001*11~
CLM*MMC2024000256*202.71***19:B:1*Y*A*Y*I~
NM1*82*1*MARTINEZ*CARLOS***XX*1234567890~
NM1*77*2*ST LUKE OUTPATIENT****XX*7777777777~
CAS*CO*45*57.92~
SVC*HC:99213*202.71*144.79**1~
DTM*472*20241204~
CLP*MMC2024000586*1*448.45*320.32*0*12*CLAIMREF001*11~
CLM*MMC2024000586*448.45***24:B:1*Y*A*Y*I~
NM1*82*1*PATEL*RAJ***XX*3456789012~
NM1*77*2*NORTHWEST SURGICAL ASC****XX*6666666666~
CAS*CO*45*128.13~
SVC*HC:99205*448.45*320.32**1~
DTM*472*20241220~
CLP*MMC2024000817*1*16.77*11.98*0*12*CLAIMREF001*11~
CLM*MMC2024000817*16.77***11:B:1*Y*A*Y*I~
NM1*82*1*JOHNSON*SARAH***XX*2345678901~
NM1*77*2*COMMUNITY IMAGING LLC****XX*5555555555~
CAS*CO*45*4.79~
SVC*HC:85025*16.77*11.98**1~
DTM*472*20241218~
CLP*MMC2024000742*1*15.58*11.13*0*12*CLAIMREF001*11~
CLM*MMC2024000742*15.58***11:B:1*Y*A*Y*I~
NM1*82*1*GARCIA*MARIA***XX*7890123456~
NM1*77*2*COMMUNITY IMAGING LLC****XX*5555555555~
CAS*CO*45*4.45~
SVC*HC:85025*15.58*11.13**1~
DTM*472*20241218~
CLP*MMC2024000260*1*203.34*145.24*0*12*CLAIMREF001*11~
CLM*MMC2024000260*203.34***19:B:1*Y*A*Y*I~
NM1*82*1*CHEN*LISA***XX*5678901234~
NM1*77*2*ST LUKE OUTPATIENT****XX*7777777777~
CAS*CO*45*58.10~
SVC*HC:99213*203.34*145.24**1~
DTM*472*20241204~
CLP*MMC2024000147*1*198.06*141.47*0*12*CLAIMREF001*11~
CLM*MMC2024000147*198.06***11:B:1*Y*A*Y*I~
NM1*82*1*WILLIAMS*JAMES***XX*4567890123~
NM1*77*2*ADVANCED IMAGING CENTER****XX*2222222222~
CAS*CO*45*56.59~
SVC*HC:99213*198.06*141.47**1~
DTM*472*20241228~
CLP*MMC2024000779*1*16.53*11.81*0*12*CLAIMREF001*11~
CLM*MMC2024000779*16.53***11:B:1*Y*A*Y*I~
NM1*82*1*WILLIAMS*JAMES***XX*4567890123~
NM1*77*2*ADVANCED IMAGING CENTER****XX*2222222222~
CAS*CO*45*4.72~
SVC*HC:85025*16.53*11.81**1~
DTM*472*20241223~
CLP*MMC2024000981*1*19.21*13.72*0*12*CLAIMREF001*11~
CLM*MMC2024000981*19.21***22:B:1*Y*A*Y*I~
NM1*82*1*THOMPSON*MICHAEL***XX*6789012345~
NM1*77*2*MIDWEST GENERAL HOSPITAL****XX*1111111111~
CAS*CO*45*5.49~
SVC*HC:36415*19.21*13.72**1~
DTM*472*20241206~
CLP*MMC2024000732*1*15.75*11.25*0*12*CLAIMREF001*11~
CLM*MMC2024000732*15.75***11:B:1*Y*A*Y*I~
NM1*82*1*CHEN*LISA***XX*5678901234~
NM1*77*2*COMMUNITY IMAGING LLC****XX*5555555555~
CAS*CO*45*4.50~
SVC*HC:85025*15.75*11.25**1~
DTM*472*20241227~
CLP*MMC2024000730*1*16.32*11.66*0*12*CLAIMREF001*11~
CLM*MMC2024000730*16.32***11:B:1*Y*A*Y*I~
NM1*82*1*PATEL*RAJ***XX*3456789012~
NM1*77*2*COMMUNITY IMAGING LLC****XX*5555555555~
CAS*CO*45*4.66~
SVC*HC:85025*16.32*11.66**1~
DTM*472*20241226~
CLP*MMC2024000773*1*16.70*11.93*0*12*CLAIMREF001*11~
CLM*MMC2024000773*16.70***11:B:1*Y*A*Y*I~
NM1*82*1*THOMPSON*MICHAEL***XX*6789012345~
NM1*77*2*ADVANCED IMAGING CENTER****XX*2222222222~
CAS*CO*45*4.77~
SVC*HC:85025*16.70*11.93**1~
DTM*472*20241211~
CLP*MMC2024000726*1*16.66*11.90*0*12*CLAIMREF001*11~
CLM*MMC2024000726*16.66***11:B:1*Y*A*Y*I~
NM1*82*1*GARCIA*MARIA***XX*7890123456~
NM1*77*2*COMMUNITY IMAGING LLC****XX*5555555555~
CAS*CO*45*4.76~
SVC*HC:85025*16.66*11.90**1~
DTM*472*20241212~
CLP*MMC2024000673*1*22.26*15.90*0*12*CLAIMREF001*11~
CLM*MMC2024000673*22.26***11:B:1*Y*A*Y*I~
NM1*82*1*JOHNSON*SARAH***XX*2345678901~
NM1*77*2*COMMUNITY IMAGING LLC****XX*5555555555~
CAS*CO*45*6.36~
SVC*HC:80053*22.26*15.90**1~
DTM*472*20241204~
CLP*MMC2024001021*1*149.38*106.70*0*12*CLAIMREF001*11~
CLM*MMC2024001021*149.38***11:B:1*Y*A*Y*I~
NM1*82*1*THOMPSON*MICHAEL***XX*6789012345~
NM1*77*2*ADVANCED IMAGING CENTER****XX*2222222222~
CAS*CO*45*42.68~
SVC*HC:99283*149.38*106.70**1~
DTM*472*20241207~
CLP*MMC2024000118*1*193.82*138.44*0*12*CLAIMREF001*11~
CLM*MMC2024000118*193.82***11:B:1*Y*A*Y*I~
NM1*82*1*GARCIA*MARIA***XX*7890123456~
NM1*77*2*ADVANCED IMAGING CENTER****XX*2222222222~
CAS*CO*45*55.38~
SVC*HC:99213*193.82*138.44**1~
DTM*472*20241226~
CLP*MMC2024000426*1*284.49*203.21*0*12*CLAIMREF001*11~
CLM*MMC2024000426*284.49***11:B:1*Y*A*Y*I~
NM1*82*1*PATEL*RAJ***XX*3456789012~
NM1*77*2*COMMUNITY IMAGING LLC****XX*5555555555~
CAS*CO*45*81.28~
SVC*HC:99214*284.49*203.21**1~
DTM*472*20241203~
CLP*MMC2024000890*1*30.63*21.88*0*12*CLAIMREF001*11~
CLM*MMC2024000890*30.63***22:B:1*Y*A*Y*I~
NM1*82*1*PATEL*RAJ***XX*3456789012~
NM1*77*2*MIDWEST GENERAL HOSPITAL****XX*1111111111~
CAS*CO*45*8.75~
SVC*HC:93000*30.63*21.88**1~
DTM*472*20241217~
CLP*MMC2024000084*1*906.74*647.67*0*12*CLAIMREF001*11~
CLM*MMC2024000084*906.74***11:B:1*Y*A*Y*I~
NM1*82*1*CHEN*LISA***XX*5678901234~
NM1*77*2*ADVANCED IMAGING CENTER****XX*2222222222~
CAS*CO*45*259.07~
SVC*HC:75574*906.74*647.67**1~
DTM*472*20241208~
CLP*MMC2024000248*1*187.24*133.74*0*12*CLAIMREF001*11~
CLM*MMC2024000248*187.24***22:B:1*Y*A*Y*I~
NM1*82*1*MARTINEZ*CARLOS***XX*1234567890~
NM1*77*2*REGIONAL MEDICAL CENTER****XX*4444444444~
CAS*CO*45*53.50~
SVC*HC:99213*187.24*133.74**1~
DTM*472*20241211~
CLP*MMC2024000040*1*558.04*398.60*0*12*CLAIMREF001*11~
CLM*MMC2024000040*558.04***11:B:1*Y*A*Y*I~
NM1*82*1*MARTINEZ*CARLOS***XX*1234567890~
NM1*77*2*COMMUNITY IMAGING LLC****XX*5555555555~
CAS*CO*45*159.44~
SVC*HC:93306*558.04*398.60**1~
DTM*472*20241226~
CLP*MMC2024000031*1*800.91*572.08*0*12*CLAIMREF001*11~
CLM*MMC2024000031*800.91***11:B:1*Y*A*Y*I~
NM1*82*1*ANDERSON*DAVID***XX*8901234567~
NM1*77*2*COMMUNITY IMAGING LLC****XX*5555555555~
CAS*CO*45*228.83~
SVC*HC:73721*800.91*572.08**1~
DTM*472*20241222~
CLP*MMC2024000189*1*194.81*139.15*0*12*CLAIMREF001*11~
CLM*MMC2024000189*194.81***19:B:1*Y*A*Y*I~
NM1*82*1*THOMPSON*MICHAEL***XX*6789012345~
NM1*77*2*ST LUKE OUTPATIENT****XX*7777777777~
CAS*CO*45*55.66~
SVC*HC:99213*194.81*139.15**1~
DTM*472*20241215~
CLP*MMC2024000278*1*204.81*146.29*0*12*CLAIMREF001*11~
CLM*MMC2024000278*204.81***11:B:1*Y*A*Y*I~
NM1*82*1*GARCIA*MARIA***XX*7890123456~
NM1*77*2*ADVANCED IMAGING CENTER****XX*2222222222~
CAS*CO*45*58.52~
SVC*HC:99213*204.81*146.29**1~
DTM*472*20241216~
CLP*MMC2024000435*1*270.09*192.92*0*12*CLAIMREF001*11~
CLM*MMC2024000435*270.09***11:B:1*Y*A*Y*I~
NM1*82*1*WILLIAMS*JAMES***XX*4567890123~
NM1*77*2*ADVANCED IMAGING CENTER****XX*2222222222~
CAS*CO*45*77.17~
SVC*HC:99214*270.09*192.92**1~
DTM*472*20241225~
CLP*MMC2024000245*1*193.55*138.25*0*12*CLAIMREF001*11~
CLM*MMC2024000245*193.55***19:B:1*Y*A*Y*I~
NM1*82*1*THOMPSON*MICHAEL***XX*6789012345~
NM1*77*2*ST LUKE OUTPATIENT****XX*7777777777~
CAS*CO*45*55.30~
SVC*HC:99213*193.55*138.25**1~
DTM*472*20241210~
CLP*MMC2024000472*1*339.30*242.36*0*12*CLAIMREF001*11~
CLM*MMC2024000472*339.30***11:B:1*Y*A*Y*I~
NM1*82*1*MARTINEZ*CARLOS***XX*1234567890~
NM1*77*2*ADVANCED IMAGING CENTER****XX*2222222222~
CAS*CO*45*96.94~
SVC*HC:99204*339.30*242.36**1~
DTM*472*20241206~
CLP*MMC2024001015*1*141.34*100.96*0*12*CLAIMREF001*11~
CLM*MMC2024001015*141.34***24:B:1*Y*A*Y*I~
NM1*82*1*ANDERSON*DAVID***XX*8901234567~
NM1*77*2*NORTHWEST SURGICAL ASC****XX*6666666666~
CAS*CO*45*40.38~
SVC*HC:99283*141.34*100.96**1~
DTM*472*20241218~
CLP*MMC2024000725*1*15.51*11.08*0*12*CLAIMREF001*11~
CLM*MMC2024000725*15.51***11:B:1*Y*A*Y*I~
NM1*82*1*THOMPSON*MICHAEL***XX*6789012345~
NM1*77*2*ADVANCED IMAGING CENTER****XX*2222222222~
CAS*CO*45*4.43~
SVC*HC:85025*15.51*11.08**1~
DTM*472*20241203~
CLP*MMC2024000398*1*270.28*193.06*0*12*CLAIMREF001*11~
CLM*MMC2024000398*270.28***22:B:1*Y*A*Y*I~
NM1*82*1*GARCIA*MARIA***XX*7890123456~
NM1*77*2*REGIONAL MEDICAL CENTER****XX*4444444444~
CAS*CO*45*77.22~
SVC*HC:99214*270.28*193.06**1~
DTM*472*20241211~
CLP*MMC2024000727*1*15.60*11.14*0*12*CLAIMREF001*11~
CLM*MMC2024000727*15.60***11:B:1*Y*A*Y*I~
NM1*82*1*ANDERSON*DAVID***XX*8901234567~
NM1*77*2*COMMUNITY IMAGING LLC****XX*5555555555~
CAS*CO*45*4.46~
SVC*HC:85025*15.60*11.14**1~
DTM*472*20241222~
CLP*MMC2024000338*1*276.64*197.60*0*12*CLAIMREF001*11~
CLM*MMC2024000338*276.64***11:B:1*Y*A*Y*I~
NM1*82*1*PATEL*RAJ***XX*3456789012~
NM1*77*2*ADVANCED IMAGING CENTER****XX*2222222222~
CAS*CO*45*79.04~
SVC*HC:99214*276.64*197.60**1~
DTM*472*20241202~
CLP*MMC2024000897*1*30.41*21.72*0*12*CLAIMREF001*11~
CLM*MMC2024000897*30.41***11:B:1*Y*A*Y*I~
NM1*82*1*JOHNSON*SARAH***XX*2345678901~
NM1*77*2*ADVANCED IMAGING CENTER****XX*2222222222~
CAS*CO*45*8.69~
SVC*HC:93000*30.41*21.72**1~
DTM*472*20241223~
CLP*MMC2024000875*1*31.63*22.59*0*12*CLAIMREF001*11~
CLM*MMC2024000875*31.63***22:B:1*Y*A*Y*I~
NM1*82*1*WILLIAMS*JAMES***XX*4567890123~
NM1*77*2*MIDWEST GENERAL HOSPITAL****XX*1111111111~
CAS*CO*45*9.04~
SVC*HC:93000*31.63*22.59**1~
DTM*472*20241226~
CLP*MMC2024000007*1*12798.79*9141.99*0*12*CLAIMREF001*11~
CLM*MMC2024000007*12798.79***22:B:1*Y*A*Y*I~
NM1*82*1*ANDERSON*DAVID***XX*8901234567~
NM1*77*2*MIDWEST GENERAL HOSPITAL****XX*1111111111~
CAS*CO*45*3656.80~
SVC*HC:27447*12798.79*9141.99**1~
DTM*472*20241218~
CLP*MMC2024000763*1*16.35*11.68*0*12*CLAIMREF001*11~
CLM*MMC2024000763*16.35***11:B:1*Y*A*Y*I~
NM1*82*1*WILLIAMS*JAMES***XX*4567890123~
NM1*77*2*ADVANCED IMAGING CENTER****XX*2222222222~
CAS*CO*45*4.67~
SVC*HC:85025*16.35*11.68**1~
DTM*472*20241205~
CLP*MMC2024000025*1*4194.65*2996.18*0*12*CLAIMREF001*11~
CLM*MMC2024000025*4194.65***22:B:1*Y*A*Y*I~
NM1*82*1*JOHNSON*SARAH***XX*2345678901~
NM1*77*2*MIDWEST GENERAL HOSPITAL****XX*1111111111~
CAS*CO*45*1198.47~
SVC*HC:73721*4194.65*2996.18**1~
DTM*472*20241225~
CLP*MMC2024000542*1*445.31*318.08*0*12*CLAIMREF001*11~
CLM*MMC2024000542*445.31***19:B:1*Y*A*Y*I~
NM1*82*1*GARCIA*MARIA***XX*7890123456~
NM1*77*2*ST LUKE OUTPATIENT****XX*7777777777~
CAS*CO*45*127.23~
SVC*HC:99205*445.31*318.08**1~
DTM*472*20241202~
CLP*MMC2024001030*1*145.82*104.16*0*12*CLAIMREF001*11~
CLM*MMC2024001030*145.82***24:B:1*Y*A*Y*I~
NM1*82*1*GARCIA*MARIA***XX*7890123456~
NM1*77*2*NORTHWEST SURGICAL ASC****XX*6666666666~
CAS*CO*45*41.66~
SVC*HC:99283*145.82*104.16**1~
DTM*472*20241204~
CLP*MMC2024000700*1*23.16*16.54*0*12*CLAIMREF001*11~
CLM*MMC2024000700*23.16***11:B:1*Y*A*Y*I~
NM1*82*1*CHEN*LISA***XX*5678901234~
NM1*77*2*COMMUNITY IMAGING LLC****XX*5555555555~
CAS*CO*45*6.62~
SVC*HC:80053*23.16*16.54**1~
DTM*472*20241223~
CLP*MMC2024000580*1*467.59*333.99*0*12*CLAIMREF001*11~
CLM*MMC2024000580*467.59***22:B:1*Y*A*Y*I~
NM1*82*1*CHEN*LISA***XX*5678901234~
NM1*77*2*MIDWEST GENERAL HOSPITAL****XX*1111111111~
CAS*CO*45*133.60~
SVC*HC:99205*467.59*333.99**1~
DTM*472*20241217~
CLP*MMC2024000318*1*287.27*205.19*0*12*CLAIMREF001*11~
CLM*MMC2024000318*287.27***22:B:1*Y*A*Y*I~
NM1*82*1*GARCIA*MARIA***XX*7890123456~
NM1*77*2*MIDWEST GENERAL HOSPITAL****XX*1111111111~
CAS*CO*45*82.08~
SVC*HC:99214*287.27*205.19**1~
DTM*472*20241219~
CLP*MMC2024000937*1*18.93*13.52*0*12*CLAIMREF001*11~
CLM*MMC2024000937*18.93***11:B:1*Y*A*Y*I~
NM1*82*1*JOHNSON*SARAH***XX*2345678901~
NM1*77*2*ADVANCED IMAGING CENTER****XX*2222222222~
CAS*CO*45*5.41~
SVC*HC:36415*18.93*13.52**1~
DTM*472*20241223~
CLP*MMC2024000190*1*201.00*143.57*0*12*CLAIMREF001*11~
CLM*MMC2024000190*201.00***22:B:1*Y*A*Y*I~
NM1*82*1*GARCIA*MARIA***XX*7890123456~
NM1*77*2*MIDWEST GENERAL HOSPITAL****XX*1111111111~
CAS*CO*45*57.43~
SVC*HC:99213*201.00*143.57**1~
DTM*472*20241210~
CLP*MMC2024000160*1*190.51*136.08*0*12*CLAIMREF001*11~
CLM*MMC2024000160*190.51***11:B:1*Y*A*Y*I~
NM1*82*1*MARTINEZ*CARLOS***XX*1234567890~
NM1*77*2*COMMUNITY IMAGING LLC****XX*5555555555~
CAS*CO*45*54.43~
SVC*HC:99213*190.51*136.08**1~
DTM*472*20241206~
CLP*MMC2024000577*1*449.13*320.81*0*12*CLAIMREF001*11~
CLM*MMC2024000577*449.13***22:B:1*Y*A*Y*I~
NM1*82*1*JOHNSON*SARAH***XX*2345678901~
NM1*77*2*REGIONAL MEDICAL CENTER****XX*4444444444~
CAS*CO*45*128.32~
SVC*HC:99205*449.13*320.81**1~
DTM*472*20241228~
CLP*MMC2024000154*1*189.90*135.64*0*12*CLAIMREF001*11~
CLM*MMC2024000154*189.90***22:B:1*Y*A*Y*I~
NM1*82*1*PATEL*RAJ***XX*3456789012~
NM1*77*2*MIDWEST GENERAL HOSPITAL****XX*1111111111~
CAS*CO*45*54.26~
SVC*HC:99213*189.90*135.64**1~
DTM*472*20241225~
CLP*MMC2024000498*1*335.16*239.40*0*12*CLAIMREF001*11~
CLM*MMC2024000498*335.16***11:B:1*Y*A*Y*I~
NM1*82*1*PATEL*RAJ***XX*3456789012~
NM1*77*2*ADVANCED IMAGING CENTER****XX*2222222222~
CAS*CO*45*95.76~
SVC*HC:99204*335.16*239.40**1~
DTM*472*20241218~
CLP*MMC2024000029*1*673.33*480.95*0*12*CLAIMREF001*11~
CLM*MMC2024000029*673.33***11:B:1*Y*A*Y*I~
NM1*82*1*THOMPSON*MICHAEL***XX*6789012345~
NM1*77*2*ADVANCED IMAGING CENTER****XX*2222222222~
CAS*CO*45*192.38~
SVC*HC:73721*673.33*480.95**1~
DTM*472*20241216~
CLP*MMC2024000126*1*190.57*136.12*0*12*CLAIMREF001*11~
CLM*MMC2024000126*190.57***24:B:1*Y*A*Y*I~
NM1*82*1*GARCIA*MARIA***XX*7890123456~
NM1*77*2*ORTHO SURGICAL CENTER****XX*3333333333~
CAS*CO*45*54.45~
SVC*HC:99213*190.57*136.12**1~
DTM*472*20241227~
CLP*MMC2024001018*1*136.95*97.82*0*12*CLAIMREF001*11~
CLM*MMC2024001018*136.95***22:B:1*Y*A*Y*I~
NM1*82*1*PATEL*RAJ***XX*3456789012~
NM1*77*2*MIDWEST GENERAL HOSPITAL****XX*1111111111~
CAS*CO*45*39.13~
SVC*HC:99283*136.95*97.82**1~
DTM*472*20241217~
CLP*MMC2024000365*1*277.76*198.40*0*12*CLAIMREF001*11~
CLM*MMC2024000365*277.76***11:B:1*Y*A*Y*I~
NM1*82*1*THOMPSON*MICHAEL***XX*6789012345~
NM1*77*2*COMMUNITY IMAGING LLC****XX*5555555555~
CAS*CO*45*79.36~
SVC*HC:99214*277.76*198.40**1~
DTM*472*20241217~
CLP*MMC2024001064*1*131.96*94.26*0*12*CLAIMREF001*11~
CLM*MMC2024001064*131.96***22:B:1*Y*A*Y*I~
NM1*82*1*MARTINEZ*CARLOS***XX*1234567890~
NM1*77*2*MIDWEST GENERAL HOSPITAL****XX*1111111111~
CAS*CO*45*37.70~
SVC*HC:99232*131.96*94.26**1~
DTM*472*20241206~
CLP*MMC2024000148*1*194.53*138.95*0*12*CLAIMREF001*11~
CLM*MMC2024000148*194.53***22:B:1*Y*A*Y*I~
NM1*82*1*CHEN*LISA***XX*5678901234~
NM1*77*2*MIDWEST GENERAL HOSPITAL****XX*1111111111~
CAS*CO*45*55.58~
SVC*HC:99213*194.53*138.95**1~
DTM*472*20241209~
CLP*MMC2024000528*1*351.90*251.36*0*12*CLAIMREF001*11~
CLM*MMC2024000528*351.90***24:B:1*Y*A*Y*I~
NM1*82*1*MARTINEZ*CARLOS***XX*1234567890~
NM1*77*2*NORTHWEST SURGICAL ASC****XX*6666666666~
CAS*CO*45*100.54~
SVC*HC:99204*351.90*251.36**1~
DTM*472*20241211~
CLP*MMC2024000632*1*22.13*15.81*0*12*CLAIMREF001*11~
CLM*MMC2024000632*22.13***22:B:1*Y*A*Y*I~
NM1*82*1*MARTINEZ*CARLOS***XX*1234567890~
NM1*77*2*REGIONAL MEDICAL CENTER****XX*4444444444~
CAS*CO*45*6.32~
SVC*HC:80053*22.13*15.81**1~
DTM*472*20241218~
CLP*MMC2024000379*1*277.84*198.46*0*12*CLAIMREF001*11~
CLM*MMC2024000379*277.84***24:B:1*Y*A*Y*I~
NM1*82*1*WILLIAMS*JAMES***XX*4567890123~
NM1*77*2*ORTHO SURGICAL CENTER****XX*3333333333~
CAS*CO*45*79.38~
SVC*HC:99214*277.84*198.46**1~
DTM*472*20241214~
CLP*MMC2024000400*1*269.25*192.32*0*12*CLAIMREF001*11~
CLM*MMC2024000400*269.25***24:B:1*Y*A*Y*I~
NM1*82*1*MARTINEZ*CARLOS***XX*1234567890~
NM1*77*2*NORTHWEST SURGICAL ASC****XX*6666666666~
CAS*CO*45*76.93~
SVC*HC:99214*269.25*192.32**1~
DTM*472*20241203~
CLP*MMC2024000755*1*16.79*11.99*0*12*CLAIMREF001*11~
CLM*MMC2024000755*16.79***11:B:1*Y*A*Y*I~
NM1*82*1*WILLIAMS*JAMES***XX*4567890123~
NM1*77*2*COMMUNITY IMAGING LLC****XX*5555555555~
CAS*CO*45*4.80~
SVC*HC:85025*16.79*11.99**1~
DTM*472*20241211~
CLP*MMC2024000443*1*266.81*190.58*0*12*CLAIMREF001*11~
CLM*MMC2024000443*266.81***22:B:1*Y*A*Y*I~
NM1*82*1*WILLIAMS*JAMES***XX*4567890123~
NM1*77*2*MIDWEST GENERAL HOSPITAL****XX*1111111111~
CAS*CO*45*76.23~
SVC*HC:99214*266.81*190.58**1~
DTM*472*20241210~
CLP*MMC2024000590*1*459.66*328.33*0*12*CLAIMREF001*11~
CLM*MMC2024000590*459.66***22:B:1*Y*A*Y*I~
NM1*82*1*GARCIA*MARIA***XX*7890123456~
NM1*77*2*MIDWEST GENERAL HOSPITAL****XX*1111111111~
CAS*CO*45*131.33~
SVC*HC:99205*459.66*328.33**1~
DTM*472*20241206~
CLP*MMC2024001082*1*133.66*95.47*0*12*CLAIMREF001*11~
CLM*MMC2024001082*133.66***24:B:1*Y*A*Y*I~
NM1*82*1*PATEL*RAJ***XX*3456789012~
NM1*77*2*ORTHO SURGICAL CENTER****XX*3333333333~
CAS*CO*45*38.19~
SVC*HC:99232*133.66*95.47**1~
DTM*472*20241202~
CLP*MMC2024001053*1*134.25*95.89*0*12*CLAIMREF001*11~
CLM*MMC2024001053*134.25***24:B:1*Y*A*Y*I~
NM1*82*1*THOMPSON*MICHAEL***XX*6789012345~
NM1*77*2*ORTHO SURGICAL CENTER****XX*3333333333~
CAS*CO*45*38.36~
SVC*HC:99232*134.25*95.89**1~
DTM*472*20241227~
CLP*MMC2024000474*1*341.40*243.86*0*12*CLAIMREF001*11~
CLM*MMC2024000474*341.40***24:B:1*Y*A*Y*I~
NM1*82*1*PATEL*RAJ***XX*3456789012~
NM1*77*2*NORTHWEST SURGICAL ASC****XX*6666666666~
CAS*CO*45*97.54~
SVC*HC:99204*341.40*243.86**1~
DTM*472*20241212~
CLP*MMC2024000409*1*272.87*194.91*0*12*CLAIMREF001*11~
CLM*MMC2024000409*272.87***22:B:1*Y*A*Y*I~
NM1*82*1*JOHNSON*SARAH***XX*2345678901~
NM1*77*2*MIDWEST GENERAL HOSPITAL****XX*1111111111~
CAS*CO*45*77.96~
SVC*HC:99214*272.87*194.91**1~
DTM*472*20241212~
CLP*MMC2024000884*1*32.24*23.03*0*12*CLAIMREF001*11~
CLM*MMC2024000884*32.24***22:B:1*Y*A*Y*I~
NM1*82*1*CHEN*LISA***XX*5678901234~
NM1*77*2*MIDWEST GENERAL HOSPITAL****XX*1111111111~
CAS*CO*45*9.21~
SVC*HC:93000*32.24*23.03**1~
DTM*472*20241209~
CLP*MMC2024000235*1*197.19*140.85*0*12*CLAIMREF001*11~
CLM*MMC2024000235*197.19***24:B:1*Y*A*Y*I~
NM1*82*1*WILLIAMS*JAMES***XX*4567890123~
NM1*77*2*NORTHWEST SURGICAL ASC****XX*6666666666~
CAS*CO*45*56.34~
SVC*HC:99213*197.19*140.85**1~
DTM*472*20241224~
CLP*MMC2024000685*1*22.97*16.41*0*12*CLAIMREF001*11~
CLM*MMC2024000685*22.97***11:B:1*Y*A*Y*I~
NM1*82*1*THOMPSON*MICHAEL***XX*6789012345~
NM1*77*2*COMMUNITY IMAGING LLC****XX*5555555555~
CAS*CO*45*6.56~
SVC*HC:80053*22.97*16.41**1~
DTM*472*20241217~
CLP*MMC2024000584*1*478.60*341.86*0*12*CLAIMREF001*11~
CLM*MMC2024000584*478.60***22:B:1*Y*A*Y*I~
NM1*82*1*MARTINEZ*CARLOS***XX*1234567890~
NM1*77*2*MIDWEST GENERAL HOSPITAL****XX*1111111111~
CAS*CO*45*136.74~
SVC*HC:99205*478.60*341.86**1~
DTM*472*20241202~
CLP*MMC2024000120*1*196.39*140.28*0*12*CLAIMREF001*11~
CLM*MMC2024000120*196.39***22:B:1*Y*A*Y*I~
NM1*82*1*MARTINEZ*CARLOS***XX*1234567890~
NM1*77*2*MIDWEST GENERAL HOSPITAL****XX*1111111111~
CAS*CO*45*56.11~
SVC*HC:99213*196.39*140.28**1~
DTM*472*20241215~
CLP*MMC2024000289*1*197.75*141.25*0*12*CLAIMREF001*11~
CLM*MMC2024000289*197.75***19:B:1*Y*A*Y*I~
NM1*82*1*JOHNSON*SARAH***XX*2345678901~
NM1*77*2*ST LUKE OUTPATIENT****XX*7777777777~
CAS*CO*45*56.50~
SVC*HC:99213*197.75*141.25**1~
DTM*472*20241228~
CLP*MMC2024001023*1*141.86*101.33*0*12*CLAIMREF001*11~
CLM*MMC2024001023*141.86***24:B:1*Y*A*Y*I~
NM1*82*1*ANDERSON*DAVID***XX*8901234567~
NM1*77*2*NORTHWEST SURGICAL ASC****XX*6666666666~
CAS*CO*45*40.53~
SVC*HC:99283*141.86*101.33**1~
DTM*472*20241207~
CLP*MMC2024000018*1*1589.94*1135.67*0*12*CLAIMREF001*11~
CLM*MMC2024000018*1589.94***24:B:1*Y*A*Y*I~
NM1*82*1*PATEL*RAJ***XX*3456789012~
NM1*77*2*NORTHWEST SURGICAL ASC****XX*6666666666~
CAS*CO*45*454.27~
SVC*HC:29881*1589.94*1135.67**1~
DTM*472*20241202~
CLP*MMC2024000404*1*275.58*196.84*0*12*CLAIMREF001*11~
CLM*MMC2024000404*275.58***11:B:1*Y*A*Y*I~
NM1*82*1*CHEN*LISA***XX*5678901234~
NM1*77*2*COMMUNITY IMAGING LLC****XX*5555555555~
CAS*CO*45*78.74~
SVC*HC:99214*275.58*196.84**1~
DTM*472*20241225~
CLP*MMC2024000720*1*22.92*16.37*0*12*CLAIMREF001*11~
CLM*MMC2024000720*22.92***11:B:1*Y*A*Y*I~
NM1*82*1*MARTINEZ*CARLOS***XX*1234567890~
NM1*77*2*COMMUNITY IMAGING LLC****XX*5555555555~
CAS*CO*45*6.55~
SVC*HC:80053*22.92*16.37**1~
DTM*472*20241209~
CLP*MMC2024000775*1*15.68*11.20*0*12*CLAIMREF001*11~
CLM*MMC2024000775*15.68***11:B:1*Y*A*Y*I~
NM1*82*1*ANDERSON*DAVID***XX*8901234567~
NM1*77*2*ADVANCED IMAGING CENTER****XX*2222222222~
CAS*CO*45*4.48~
SVC*HC:85025*15.68*11.20**1~
DTM*472*20241222~
CLP*MMC2024000181*1*194.59*138.99*0*12*CLAIMREF001*11~
CLM*MMC2024000181*194.59***24:B:1*Y*A*Y*I~
NM1*82*1*THOMPSON*MICHAEL***XX*6789012345~
NM1*77*2*NORTHWEST SURGICAL ASC****XX*6666666666~
CAS*CO*45*55.60~
SVC*HC:99213*194.59*138.99**1~
DTM*472*20241211~
CLP*MMC2024000625*1*22.89*16.35*0*12*CLAIMREF001*11~
CLM*MMC2024000625*22.89***11:B:1*Y*A*Y*I~
NM1*82*1*JOHNSON*SARAH***XX*2345678901~
NM1*77*2*ADVANCED IMAGING CENTER****XX*2222222222~
CAS*CO*45*6.54~
SVC*HC:80053*22.89*16.35**1~
DTM*472*20241207~
CLP*MMC2024000032*1*3645.21*2603.72*0*12*CLAIMREF001*11~
CLM*MMC2024000032*3645.21***19:B:1*Y*A*Y*I~
NM1*82*1*MARTINEZ*CARLOS***XX*1234567890~
NM1*77*2*ST LUKE OUTPATIENT****XX*7777777777~
CAS*CO*45*1041.49~
SVC*HC:73721*3645.21*2603.72**1~
DTM*472*20241208~
CLP*MMC2024000366*1*281.82*201.30*0*12*CLAIMREF001*11~
CLM*MMC2024000366*281.82***19:B:1*Y*A*Y*I~
NM1*82*1*GARCIA*MARIA***XX*7890123456~
NM1*77*2*ST LUKE OUTPATIENT****XX*7777777777~
CAS*CO*45*80.52~
SVC*HC:99214*281.82*201.30**1~
DTM*472*20241217~
CLP*MMC2024000800*1*16.65*11.89*0*12*CLAIMREF001*11~
CLM*MMC2024000800*16.65***11:B:1*Y*A*Y*I~
NM1*82*1*MARTINEZ*CARLOS***XX*1234567890~
NM1*77*2*ADVANCED IMAGING CENTER****XX*2222222222~
CAS*CO*45*4.76~
SVC*HC:85025*16.65*11.89**1~
DTM*472*20241226~
CLP*MMC2024000770*1*16.04*11.46*0*12*CLAIMREF001*11~
CLM*MMC2024000770*16.04***22:B:1*Y*A*Y*I~
NM1*82*1*PATEL*RAJ***XX*3456789012~
NM1*77*2*MIDWEST GENERAL HOSPITAL****XX*1111111111~
CAS*CO*45*4.58~
SVC*HC:85025*16.04*11.46**1~
DTM*472*20241210~
CLP*MMC2024000710*1*21.53*15.38*0*12*CLAIMREF001*11~
CLM*MMC2024000710*21.53***11:B:1*Y*A*Y*I~
NM1*82*1*GARCIA*MARIA***XX*7890123456~
NM1*77*2*ADVANCED IMAGING CENTER****XX*2222222222~
CAS*CO*45*6.15~
SVC*HC:80053*21.53*15.38**1~
DTM*472*20241224~
CLP*MMC2024000613*1*23.23*16.59*0*12*CLAIMREF001*11~
CLM*MMC2024000613*23.23***11:B:1*Y*A*Y*I~
NM1*82*1*THOMPSON*MICHAEL***XX*6789012345~
NM1*77*2*COMMUNITY IMAGING LLC****XX*5555555555~
CAS*CO*45*6.64~
SVC*HC:80053*23.23*16.59**1~
DTM*472*20241218~
CLP*MMC2024000076*1*680.90*486.36*0*12*CLAIMREF001*11~
CLM*MMC2024000076*680.90***22:B:1*Y*A*Y*I~
NM1*82*1*CHEN*LISA***XX*5678901234~
NM1*77*2*REGIONAL MEDICAL CENTER****XX*4444444444~
CAS*CO*45*194.54~
SVC*HC:93350*680.90*486.36**1~
DTM*472*20241206~
CLP*MMC2024000419*1*280.84*200.60*0*12*CLAIMREF001*11~
CLM*MMC2024000419*280.84***11:B:1*Y*A*Y*I~
NM1*82*1*WILLIAMS*JAMES***XX*4567890123~
NM1*77*2*COMMUNITY IMAGING LLC****XX*5555555555~
CAS*CO*45*80.24~
SVC*HC:99214*280.84*200.60**1~
DTM*472*20241203~
CLP*MMC2024000759*1*15.54*11.10*0*12*CLAIMREF001*11~
CLM*MMC2024000759*15.54***11:B:1*Y*A*Y*I~
NM1*82*1*ANDERSON*DAVID***XX*8901234567~
NM1*77*2*ADVANCED IMAGING CENTER****XX*2222222222~
CAS*CO*45*4.44~
SVC*HC:85025*15.54*11.10**1~
DTM*472*20241220~
CLP*MMC2024000754*1*15.62*11.16*0*12*CLAIMREF001*11~
CLM*MMC2024000754*15.62***11:B:1*Y*A*Y*I~
NM1*82*1*PATEL*RAJ***XX*3456789012~
NM1*77*2*COMMUNITY IMAGING LLC****XX*5555555555~
CAS*CO*45*4.46~
SVC*HC:85025*15.62*11.16**1~
DTM*472*20241223~
CLP*MMC2024000669*1*22.62*16.16*0*12*CLAIMREF001*11~
CLM*MMC2024000669*22.62***22:B:1*Y*A*Y*I~
NM1*82*1*THOMPSON*MICHAEL***XX*6789012345~
NM1*77*2*MIDWEST GENERAL HOSPITAL****XX*1111111111~
CAS*CO*45*6.46~
SVC*HC:80053*22.62*16.16**1~
DTM*472*20241225~
CLP*MMC2024000831*1*16.91*12.08*0*12*CLAIMREF001*11~
CLM*MMC2024000831*16.91***11:B:1*Y*A*Y*I~
NM1*82*1*ANDERSON*DAVID***XX*8901234567~
NM1*77*2*ADVANCED IMAGING CENTER****XX*2222222222~
CAS*CO*45*4.83~
SVC*HC:85025*16.91*12.08**1~
DTM*472*20241208~
CLP*MMC2024000984*1*18.76*13.40*0*12*CLAIMREF001*11~
CLM*MMC2024000984*18.76***11:B:1*Y*A*Y*I~
NM1*82*1*MARTINEZ*CARLOS***XX*1234567890~
NM1*77*2*COMMUNITY IMAGING LLC****XX*5555555555~
CAS*CO*45*5.36~
SVC*HC:36415*18.76*13.40**1~
DTM*472*20241206~
CLP*MMC2024000128*1*190.18*135.84*0*12*CLAIMREF001*11~
CLM*MMC2024000128*190.18***19:B:1*Y*A*Y*I~
NM1*82*1*MARTINEZ*CARLOS***XX*1234567890~
NM1*77*2*ST LUKE OUTPATIENT****XX*7777777777~
CAS*CO*45*54.34~
SVC*HC:99213*190.18*135.84**1~
DTM*472*20241203~
CLP*MMC2024000608*1*22.26*15.90*0*12*CLAIMREF001*11~
CLM*MMC2024000608*22.26***19:B:1*Y*A*Y*I~
NM1*82*1*MARTINEZ*CARLOS***XX*1234567890~
NM1*77*2*ST LUKE OUTPATIENT****XX*7777777777~
CAS*CO*45*6.36~
SVC*HC:80053*22.26*15.90**1~
DTM*472*20241205~
CLP*MMC2024000798*1*16.51*11.79*0*12*CLAIMREF001*11~
CLM*MMC2024000798*16.51***11:B:1*Y*A*Y*I~
NM1*82*1*GARCIA*MARIA***XX*7890123456~
NM1*77*2*COMMUNITY IMAGING LLC****XX*5555555555~
CAS*CO*45*4.72~
SVC*HC:85025*16.51*11.79**1~
DTM*472*20241213~
CLP*MMC2024000401*1*269.21*192.29*0*12*CLAIMREF001*11~
CLM*MMC2024000401*269.21***22:B:1*Y*A*Y*I~
NM1*82*1*JOHNSON*SARAH***XX*2345678901~
NM1*77*2*MIDWEST GENERAL HOSPITAL****XX*1111111111~
CAS*CO*45*76.92~
SVC*HC:99214*269.21*192.29**1~
DTM*472*20241203~
CLP*MMC2024000760*1*16.48*11.77*0*12*CLAIMREF001*11~
CLM*MMC2024000760*16.48***11:B:1*Y*A*Y*I~
NM1*82*1*MARTINEZ*CARLOS***XX*1234567890~
NM1*77*2*COMMUNITY IMAGING LLC****XX*5555555555~
CAS*CO*45*4.71~
SVC*HC:85025*16.48*11.77**1~
DTM*472*20241201~
CLP*MMC2024000085*1*935.76*668.40*0*12*CLAIMREF001*11~
CLM*MMC2024000085*935.76***11:B:1*Y*A*Y*I~
NM1*82*1*THOMPSON*MICHAEL***XX*6789012345~
NM1*77*2*ADVANCED IMAGING CENTER****XX*2222222222~
CAS*CO*45*267.36~
SVC*HC:75574*935.76*668.40**1~
DTM*472*20241201~
CLP*MMC2024000928*1*18.42*13.16*0*12*CLAIMREF001*11~
CLM*MMC2024000928*18.42***11:B:1*Y*A*Y*I~
NM1*82*1*MARTINEZ*CARLOS***XX*1234567890~
NM1*77*2*ADVANCED IMAGING CENTER****XX*2222222222~
CAS*CO*45*5.26~
SVC*HC:36415*18.42*13.16**1~
DTM*472*20241208~
CLP*MMC2024000912*1*18.62*13.30*0*12*CLAIMREF001*11~
CLM*MMC2024000912*18.62***11:B:1*Y*A*Y*I~
NM1*82*1*MARTINEZ*CARLOS***XX*1234567890~
NM1*77*2*ADVANCED IMAGING CENTER****XX*2222222222~
CAS*CO*45*5.32~
SVC*HC:36415*18.62*13.30**1~
DTM*472*20241226~
CLP*MMC2024000765*1*15.78*11.27*0*12*CLAIMREF001*11~
CLM*MMC2024000765*15.78***11:B:1*Y*A*Y*I~
NM1*82*1*THOMPSON*MICHAEL***XX*6789012345~
NM1*77*2*COMMUNITY IMAGING LLC****XX*5555555555~
CAS*CO*45*4.51~
SVC*HC:85025*15.78*11.27**1~
DTM*472*20241216~
CLP*MMC2024000078*1*630.43*450.31*0*12*CLAIMREF001*11~
CLM*MMC2024000078*630.43***22:B:1*Y*A*Y*I~
NM1*82*1*GARCIA*MARIA***XX*7890123456~
NM1*77*2*MIDWEST GENERAL HOSPITAL****XX*1111111111~
CAS*CO*45*180.12~
SVC*HC:93350*630.43*450.31**1~
DTM*472*20241223~
CLP*MMC2024001010*1*142.10*101.50*0*12*CLAIMREF001*11~
CLM*MMC2024001010*142.10***22:B:1*Y*A*Y*I~
NM1*82*1*PATEL*RAJ***XX*3456789012~
NM1*77*2*REGIONAL MEDICAL CENTER****XX*4444444444~
CAS*CO*45*40.60~
SVC*HC:99283*142.10*101.50**1~
DTM*472*20241208~
CLP*MMC2024000661*1*23.14*16.53*0*12*CLAIMREF001*11~
CLM*MMC2024000661*23.14***11:B:1*Y*A*Y*I~
NM1*82*1*THOMPSON*MICHAEL***XX*6789012345~
NM1*77*2*COMMUNITY IMAGING LLC****XX*5555555555~
CAS*CO*45*6.61~
SVC*HC:80053*23.14*16.53**1~
DTM*472*20241208~
CLP*MMC2024000473*1*354.93*253.52*0*12*CLAIMREF001*11~
CLM*MMC2024000473*354.93***11:B:1*Y*A*Y*I~
NM1*82*1*JOHNSON*SARAH***XX*2345678901~
NM1*77*2*ADVANCED IMAGING CENTER****XX*2222222222~
CAS*CO*45*101.41~
SVC*HC:99204*354.93*253.52**1~
DTM*472*20241224~
CLP*MMC2024000219*1*189.57*135.41*0*12*CLAIMREF001*11~
CLM*MMC2024000219*189.57***24:B:1*Y*A*Y*I~
NM1*82*1*WILLIAMS*JAMES***XX*4567890123~
NM1*77*2*ORTHO SURGICAL CENTER****XX*3333333333~
CAS*CO*45*54.16~
SVC*HC:99213*189.57*135.41**1~
DTM*472*20241209~
CLP*MMC2024000654*1*22.96*16.40*0*12*CLAIMREF001*11~
CLM*MMC2024000654*22.96***11:B:1*Y*A*Y*I~
NM1*82*1*GARCIA*MARIA***XX*7890123456~
NM1*77*2*ADVANCED IMAGING CENTER****XX*2222222222~
CAS*CO*45*6.56~
SVC*HC:80053*22.96*16.40**1~
DTM*472*20241226~
CLP*MMC2024000254*1*186.52*133.23*0*12*CLAIMREF001*11~
CLM*MMC2024000254*186.52***22:B:1*Y*A*Y*I~
NM1*82*1*GARCIA*MARIA***XX*7890123456~
NM1*77*2*REGIONAL MEDICAL CENTER****XX*4444444444~
CAS*CO*45*53.29~
SVC*HC:99213*186.52*133.23**1~
DTM*472*20241218~
CLP*MMC2024000949*1*18.09*12.92*0*12*CLAIMREF001*11~
CLM*MMC2024000949*18.09***11:B:1*Y*A*Y*I~
NM1*82*1*THOMPSON*MICHAEL***XX*6789012345~
NM1*77*2*COMMUNITY IMAGING LLC****XX*5555555555~
CAS*CO*45*5.17~
SVC*HC:36415*18.09*12.92**1~
DTM*472*20241207~
CLP*MMC2024000240*1*195.65*139.75*0*12*CLAIMREF001*11~
CLM*MMC2024000240*195.65***19:B:1*Y*A*Y*I~
NM1*82*1*MARTINEZ*CARLOS***XX*1234567890~
NM1*77*2*ST LUKE OUTPATIENT****XX*7777777777~
CAS*CO*45*55.90~
SVC*HC:99213*195.65*139.75**1~
DTM*472*20241209~
CLP*MMC2024000305*1*277.58*198.27*0*12*CLAIMREF001*11~
CLM*MMC2024000305*277.58***11:B:1*Y*A*Y*I~
NM1*82*1*JOHNSON*SARAH***XX*2345678901~
NM1*77*2*COMMUNITY IMAGING LLC****XX*5555555555~
CAS*CO*45*79.31~
SVC*HC:99214*277.58*198.27**1~
DTM*472*20241219~
CLP*MMC2024000768*1*15.68*11.20*0*12*CLAIMREF001*11~
CLM*MMC2024000768*15.68***11:B:1*Y*A*Y*I~
NM1*82*1*MARTINEZ*CARLOS***XX*1234567890~
NM1*77*2*COMMUNITY IMAGING LLC****XX*5555555555~
CAS*CO*45*4.48~
SVC*HC:85025*15.68*11.20**1~
DTM*472*20241211~
CLP*MMC2024000407*1*267.53*191.09*0*12*CLAIMREF001*11~
CLM*MMC2024000407*267.53***19:B:1*Y*A*Y*I~
NM1*82*1*ANDERSON*DAVID***XX*8901234567~
NM1*77*2*ST LUKE OUTPATIENT****XX*7777777777~
CAS*CO*45*76.44~
SVC*HC:99214*267.53*191.09**1~
DTM*472*20241222~
CLP*MMC2024000195*1*199.23*142.31*0*12*CLAIMREF001*11~
CLM*MMC2024000195*199.23***22:B:1*Y*A*Y*I~
NM1*82*1*WILLIAMS*JAMES***XX*4567890123~
NM1*77*2*REGIONAL MEDICAL CENTER****XX*4444444444~
CAS*CO*45*56.92~
SVC*HC:99213*199.23*142.31**1~
DTM*472*20241210~
CLP*MMC2024001052*1*142.39*101.71*0*12*CLAIMREF001*11~
CLM*MMC2024001052*142.39***22:B:1*Y*A*Y*I~
NM1*82*1*CHEN*LISA***XX*5678901234~
NM1*77*2*MIDWEST GENERAL HOSPITAL****XX*1111111111~
CAS*CO*45*40.68~
SVC*HC:99232*142.39*101.71**1~
DTM*472*20241206~
CLP*MMC2024000002*1*2525.96*1804.26*0*12*CLAIMREF001*11~
CLM*MMC2024000002*2525.96***11:B:1*Y*A*Y*I~
NM1*82*1*PATEL*RAJ***XX*3456789012~
NM1*77*2*ADVANCED IMAGING CENTER****XX*2222222222~
CAS*CO*45*721.70~
SVC*HC:27447*2525.96*1804.26**1~
DTM*472*20241202~
CLP*MMC2024001046*1*137.72*98.37*0*12*CLAIMREF001*11~
CLM*MMC2024001046*137.72***11:B:1*Y*A*Y*I~
NM1*82*1*GARCIA*MARIA***XX*7890123456~
NM1*77*2*COMMUNITY IMAGING LLC****XX*5555555555~
CAS*CO*45*39.35~
SVC*HC:99232*137.72*98.37**1~
DTM*472*20241209~
CLP*MMC2024000867*1*31.07*22.19*0*12*CLAIMREF001*11~
CLM*MMC2024000867*31.07***22:B:1*Y*A*Y*I~
NM1*82*1*WILLIAMS*JAMES***XX*4567890123~
NM1*77*2*MIDWEST GENERAL HOSPITAL****XX*1111111111~
CAS*CO*45*8.88~
SVC*HC:93000*31.07*22.19**1~
DTM*472*20241205~
CLP*MMC2024000089*1*789.24*563.74*0*12*CLAIMREF001*11~
CLM*MMC2024000089*789.24***19:B:1*Y*A*Y*I~
NM1*82*1*JOHNSON*SARAH***XX*2345678901~
NM1*77*2*ST LUKE OUTPATIENT****XX*7777777777~
CAS*CO*45*225.50~
SVC*HC:20610*789.24*563.74**1~
DTM*472*20241227~
CLP*MMC2024000692*1*22.39*15.99*0*12*CLAIMREF001*11~
CLM*MMC2024000692*22.39***11:B:1*Y*A*Y*I~
NM1*82*1*CHEN*LISA***XX*5678901234~
NM1*77*2*ADVANCED IMAGING CENTER****XX*2222222222~
CAS*CO*45*6.40~
SVC*HC:80053*22.39*15.99**1~
DTM*472*20241208~
CLP*MMC2024000446*1*283.25*202.32*0*12*CLAIMREF001*11~
CLM*MMC2024000446*283.25***22:B:1*Y*A*Y*I~
NM1*82*1*GARCIA*MARIA***XX*7890123456~
NM1*77*2*MIDWEST GENERAL HOSPITAL****XX*1111111111~
CAS*CO*45*80.93~
SVC*HC:99214*283.25*202.32**1~
DTM*472*20241220~
CLP*MMC2024000430*1*274.72*196.23*0*12*CLAIMREF001*11~
CLM*MMC2024000430*274.72***11:B:1*Y*A*Y*I~
NM1*82*1*GARCIA*MARIA***XX*7890123456~
NM1*77*2*COMMUNITY IMAGING LLC****XX*5555555555~
CAS*CO*45*78.49~
SVC*HC:99214*274.72*196.23**1~
DTM*472*20241225~
CLP*MMC2024000599*1*452.12*322.94*0*12*CLAIMREF001*11~
CLM*MMC2024000599*452.12***24:B:1*Y*A*Y*I~
NM1*82*1*ANDERSON*DAVID***XX*8901234567~
NM1*77*2*NORTHWEST SURGICAL ASC****XX*6666666666~
CAS*CO*45*129.18~
SVC*HC:99205*452.12*322.94**1~
DTM*472*20241228~
CLP*MMC2024001036*1*144.52*103.23*0*12*CLAIMREF001*11~
CLM*MMC2024001036*144.52***22:B:1*Y*A*Y*I~
NM1*82*1*CHEN*LISA***XX*5678901234~
NM1*77*2*MIDWEST GENERAL HOSPITAL****XX*1111111111~
CAS*CO*45*41.29~
SVC*HC:99283*144.52*103.23**1~
DTM*472*20241206~
CLP*MMC2024000750*1*16.03*11.45*0*12*CLAIMREF001*11~
CLM*MMC2024000750*16.03***11:B:1*Y*A*Y*I~
NM1*82*1*GARCIA*MARIA***XX*7890123456~
NM1*77*2*COMMUNITY IMAGING LLC****XX*5555555555~
CAS*CO*45*4.58~
SVC*HC:85025*16.03*11.45**1~
DTM*472*20241216~
CLP*MMC2024000943*1*17.75*12.68*0*12*CLAIMREF001*11~
CLM*MMC2024000943*17.75***11:B:1*Y*A*Y*I~
NM1*82*1*ANDERSON*DAVID***XX*8901234567~
NM1*77*2*ADVANCED IMAGING CENTER****XX*2222222222~
CAS*CO*45*5.07~
SVC*HC:36415*17.75*12.68**1~
DTM*472*20241219~
CLP*MMC2024000698*1*21.73*15.52*0*12*CLAIMREF001*11~
CLM*MMC2024000698*21.73***11:B:1*Y*A*Y*I~
NM1*82*1*PATEL*RAJ***XX*3456789012~
NM1*77*2*ADVANCED IMAGING CENTER****XX*2222222222~
CAS*CO*45*6.21~
SVC*HC:80053*21.73*15.52**1~
DTM*472*20241221~
CLP*MMC2024000214*1*200.44*143.17*0*12*CLAIMREF001*11~
CLM*MMC2024000214*200.44***24:B:1*Y*A*Y*I~
NM1*82*1*GARCIA*MARIA***XX*7890123456~
NM1*77*2*ORTHO SURGICAL CENTER****XX*3333333333~
CAS*CO*45*57.27~
SVC*HC:99213*200.44*143.17**1~
DTM*472*20241225~
CLP*MMC2024000560*1*445.98*318.56*0*12*CLAIMREF001*11~
CLM*MMC2024000560*445.98***11:B:1*Y*A*Y*I~
NM1*82*1*MARTINEZ*CARLOS***XX*1234567890~
NM1*77*2*ADVANCED IMAGING CENTER****XX*2222222222~
CAS*CO*45*127.42~
SVC*HC:99205*445.98*318.56**1~
DTM*472*20241226~
CLP*MMC2024000156*1*186.12*132.94*0*12*CLAIMREF001*11~
CLM*MMC2024000156*186.12***24:B:1*Y*A*Y*I~
NM1*82*1*CHEN*LISA***XX*5678901234~
NM1*77*2*ORTHO SURGICAL CENTER****XX*3333333333~
CAS*CO*45*53.18~
SVC*HC:99213*186.12*132.94**1~
DTM*472*20241207~
CLP*MMC2024000097*1*885.40*632.43*0*12*CLAIMREF001*11~
CLM*MMC2024000097*885.40***22:B:1*Y*A*Y*I~
NM1*82*1*JOHNSON*SARAH***XX*2345678901~
NM1*77*2*MIDWEST GENERAL HOSPITAL****XX*1111111111~
CAS*CO*45*252.97~
SVC*HC:20610*885.40*632.43**1~
DTM*472*20241201~
CLP*MMC2024001066*1*134.64*96.17*0*12*CLAIMREF001*11~
CLM*MMC2024001066*134.64***24:B:1*Y*A*Y*I~
NM1*82*1*PATEL*RAJ***XX*3456789012~
NM1*77*2*ORTHO SURGICAL CENTER****XX*3333333333~
CAS*CO*45*38.47~
SVC*HC:99232*134.64*96.17**1~
DTM*472*20241222~
CLP*MMC2024000958*1*17.72*12.66*0*12*CLAIMREF001*11~
CLM*MMC2024000958*17.72***11:B:1*Y*A*Y*I~
NM1*82*1*GARCIA*MARIA***XX*7890123456~
NM1*77*2*ADVANCED IMAGING CENTER****XX*2222222222~
CAS*CO*45*5.06~
SVC*HC:36415*17.72*12.66**1~
DTM*472*20241201~
CLP*MMC2024000269*1*185.56*132.54*0*12*CLAIMREF001*11~
CLM*MMC2024000269*185.56***22:B:1*Y*A*Y*I~
NM1*82*1*THOMPSON*MICHAEL***XX*6789012345~
NM1*77*2*REGIONAL MEDICAL CENTER****XX*4444444444~
CAS*CO*45*53.02~
SVC*HC:99213*185.56*132.54**1~
DTM*472*20241227~
CLP*MMC2024000971*1*18.70*13.36*0*12*CLAIMREF001*11~
CLM*MMC2024000971*18.70***22:B:1*Y*A*Y*I~
NM1*82*1*WILLIAMS*JAMES***XX*4567890123~
NM1*77*2*REGIONAL MEDICAL CENTER****XX*4444444444~
CAS*CO*45*5.34~
SVC*HC:36415*18.70*13.36**1~
DTM*472*20241202~
CLP*MMC2024000180*1*202.73*144.81*0*12*CLAIMREF001*11~
CLM*MMC2024000180*202.73***24:B:1*Y*A*Y*I~
NM1*82*1*CHEN*LISA***XX*5678901234~
NM1*77*2*ORTHO SURGICAL CENTER****XX*3333333333~
CAS*CO*45*57.92~
SVC*HC:99213*202.73*144.81**1~
DTM*472*20241225~
CLP*MMC2024000071*1*7269.72*5192.66*0*12*CLAIMREF001*11~
CLM*MMC2024000071*7269.72***11:B:1*Y*A*Y*I~
NM1*82*1*ANDERSON*DAVID***XX*8901234567~
NM1*77*2*ADVANCED IMAGING CENTER****XX*2222222222~
CAS*CO*45*2077.06~
SVC*HC:22551*7269.72*5192.66**1~
DTM*472*20241209~
CLP*MMC2024000283*1*199.61*142.58*0*12*CLAIMREF001*11~
CLM*MMC2024000283*199.61***24:B:1*Y*A*Y*I~
NM1*82*1*WILLIAMS*JAMES***XX*4567890123~
NM1*77*2*NORTHWEST SURGICAL ASC****XX*6666666666~
CAS*CO*45*57.03~
SVC*HC:99213*199.61*142.58**1~
DTM*472*20241228~
CLP*MMC2024000578*1*442.36*315.97*0*12*CLAIMREF001*11~
CLM*MMC2024000578*442.36***24:B:1*Y*A*Y*I~
NM1*82*1*PATEL*RAJ***XX*3456789012~
NM1*77*2*ORTHO SURGICAL CENTER****XX*3333333333~
CAS*CO*45*126.39~
SVC*HC:99205*442.36*315.97**1~
DTM*472*20241221~
CLP*MMC2024000942*1*17.42*12.44*0*12*CLAIMREF001*11~
CLM*MMC2024000942*17.42***22:B:1*Y*A*Y*I~
NM1*82*1*GARCIA*MARIA***XX*7890123456~
NM1*77*2*MIDWEST GENERAL HOSPITAL****XX*1111111111~
CAS*CO*45*4.98~
SVC*HC:36415*17.42*12.44**1~
DTM*472*20241205~
CLP*MMC2024000310*1*273.50*195.36*0*12*CLAIMREF001*11~
CLM*MMC2024000310*273.50***22:B:1*Y*A*Y*I~
NM1*82*1*GARCIA*MARIA***XX*7890123456~
NM1*77*2*REGIONAL MEDICAL CENTER****XX*4444444444~
CAS*CO*45*78.14~
SVC*HC:99214*273.50*195.36**1~
DTM*472*20241201~
CLP*MMC2024000167*1*199.12*142.23*0*12*CLAIMREF001*11~
CLM*MMC2024000167*199.12***22:B:1*Y*A*Y*I~
NM1*82*1*ANDERSON*DAVID***XX*8901234567~
NM1*77*2*REGIONAL MEDICAL CENTER****XX*4444444444~
CAS*CO*45*56.89~
SVC*HC:99213*199.12*142.23**1~
DTM*472*20241228~
CLP*MMC2024000447*1*281.83*201.31*0*12*CLAIMREF001*11~
CLM*MMC2024000447*281.83***24:B:1*Y*A*Y*I~
NM1*82*1*ANDERSON*DAVID***XX*8901234567~
NM1*77*2*NORTHWEST SURGICAL ASC****XX*6666666666~
CAS*CO*45*80.52~
SVC*HC:99214*281.83*201.31**1~
DTM*472*20241215~
CLP*MMC2024000734*1*17.07*12.19*0*12*CLAIMREF001*11~
CLM*MMC2024000734*17.07***11:B:1*Y*A*Y*I~
NM1*82*1*GARCIA*MARIA***XX*7890123456~
NM1*77*2*ADVANCED IMAGING CENTER****XX*2222222222~
CAS*CO*45*4.88~
SVC*HC:85025*17.07*12.19**1~
DTM*472*20241223~
CLP*MMC2024000531*1*329.21*235.15*0*12*CLAIMREF001*11~
CLM*MMC2024000531*329.21***24:B:1*Y*A*Y*I~
NM1*82*1*WILLIAMS*JAMES***XX*4567890123~
NM1*77*2*NORTHWEST SURGICAL ASC****XX*6666666666~
CAS*CO*45*94.06~
SVC*HC:99204*329.21*235.15**1~
DTM*472*20241203~
CLP*MMC2024001026*1*148.88*106.34*0*12*CLAIMREF001*11~
CLM*MMC2024001026*148.88***22:B:1*Y*A*Y*I~
NM1*82*1*PATEL*RAJ***XX*3456789012~
NM1*77*2*MIDWEST GENERAL HOSPITAL****XX*1111111111~
CAS*CO*45*42.54~
SVC*HC:99283*148.88*106.34**1~
DTM*472*20241203~
CLP*MMC2024000362*1*274.29*195.92*0*12*CLAIMREF001*11~
CLM*MMC2024000362*274.29***11:B:1*Y*A*Y*I~
NM1*82*1*PATEL*RAJ***XX*3456789012~
NM1*77*2*ADVANCED IMAGING CENTER****XX*2222222222~
CAS*CO*45*78.37~
SVC*HC:99214*274.29*195.92**1~
DTM*472*20241209~
CLP*MMC2024000821*1*16.70*11.93*0*12*CLAIMREF001*11~
CLM*MMC2024000821*16.70***11:B:1*Y*A*Y*I~
NM1*82*1*THOMPSON*MICHAEL***XX*6789012345~
NM1*77*2*ADVANCED IMAGING CENTER****XX*2222222222~
CAS*CO*45*4.77~
SVC*HC:85025*16.70*11.93**1~
DTM*472*20241210~
CLP*MMC2024000922*1*17.77*12.69*0*12*CLAIMREF001*11~
CLM*MMC2024000922*17.77***19:B:1*Y*A*Y*I~
NM1*82*1*PATEL*RAJ***XX*3456789012~
NM1*77*2*ST LUKE OUTPATIENT****XX*7777777777~
CAS*CO*45*5.08~
SVC*HC:36415*17.77*12.69**1~
DTM*472*20241216~
CLP*MMC2024001081*1*140.66*100.47*0*12*CLAIMREF001*11~
CLM*MMC2024001081*140.66***22:B:1*Y*A*Y*I~
NM1*82*1*JOHNSON*SARAH***XX*2345678901~
NM1*77*2*REGIONAL MEDICAL CENTER****XX*4444444444~
CAS*CO*45*40.19~
SVC*HC:99232*140.66*100.47**1~
DTM*472*20241207~
CLP*MMC2024000960*1*19.21*13.72*0*12*CLAIMREF001*11~
CLM*MMC2024000960*19.21***11:B:1*Y*A*Y*I~
NM1*82*1*MARTINEZ*CARLOS***XX*1234567890~
NM1*77*2*ADVANCED IMAGING CENTER****XX*2222222222~
CAS*CO*45*5.49~
SVC*HC:36415*19.21*13.72**1~
DTM*472*20241206~
CLP*MMC2024000482*1*333.23*238.02*0*12*CLAIMREF001*11~
CLM*MMC2024000482*333.23***11:B:1*Y*A*Y*I~
NM1*82*1*PATEL*RAJ***XX*3456789012~
NM1*77*2*ADVANCED IMAGING CENTER****XX*2222222222~
CAS*CO*45*95.21~
SVC*HC:99204*333.23*238.02**1~
DTM*472*20241228~
CLP*MMC2024000526*1*348.89*249.21*0*12*CLAIMREF001*11~
CLM*MMC2024000526*348.89***22:B:1*Y*A*Y*I~
NM1*82*1*GARCIA*MARIA***XX*7890123456~
NM1*77*2*REGIONAL MEDICAL CENTER****XX*4444444444~
CAS*CO*45*99.68~
SVC*HC:99204*348.89*249.21**1~
DTM*472*20241204~
CLP*MMC2024000885*1*31.05*22.18*0*12*CLAIMREF001*11~
CLM*MMC2024000885*31.05***22:B:1*Y*A*Y*I~
NM1*82*1*THOMPSON*MICHAEL***XX*6789012345~
NM1*77*2*MIDWEST GENERAL HOSPITAL****XX*1111111111~
CAS*CO*45*8.87~
SVC*HC:93000*31.05*22.18**1~
DTM*472*20241226~
CLP*MMC2024000708*1*21.22*15.16*0*12*CLAIMREF001*11~
CLM*MMC2024000708*21.22***22:B:1*Y*A*Y*I~
NM1*82*1*CHEN*LISA***XX*5678901234~
NM1*77*2*MIDWEST GENERAL HOSPITAL****XX*1111111111~
CAS*CO*45*6.06~
SVC*HC:80053*21.22*15.16**1~
DTM*472*20241216~
CLP*MMC2024000017*1*6932.94*4952.10*0*12*CLAIMREF001*11~
CLM*MMC2024000017*6932.94***19:B:1*Y*A*Y*I~
NM1*82*1*JOHNSON*SARAH***XX*2345678901~
NM1*77*2*ST LUKE OUTPATIENT****XX*7777777777~
CAS*CO*45*1980.84~
SVC*HC:29881*6932.94*4952.10**1~
DTM*472*20241213~
CLP*MMC2024001017*1*148.41*106.01*0*12*CLAIMREF001*11~
CLM*MMC2024001017*148.41***19:B:1*Y*A*Y*I~
NM1*82*1*JOHNSON*SARAH***XX*2345678901~
NM1*77*2*ST LUKE OUTPATIENT****XX*7777777777~
CAS*CO*45*42.40~
SVC*HC:99283*148.41*106.01**1~
DTM*472*20241210~
CLP*MMC2024000948*1*18.19*12.99*0*12*CLAIMREF001*11~
CLM*MMC2024000948*18.19***11:B:1*Y*A*Y*I~
NM1*82*1*CHEN*LISA***XX*5678901234~
NM1*77*2*COMMUNITY IMAGING LLC****XX*5555555555~
CAS*CO*45*5.20~
SVC*HC:36415*18.19*12.99**1~
DTM*472*20241201~
CLP*MMC2024000057*1*589.50*421.07*0*12*CLAIMREF001*11~
CLM*MMC2024000057*589.50***22:B:1*Y*A*Y*I~
NM1*82*1*JOHNSON*SARAH***XX*2345678901~
NM1*77*2*MIDWEST GENERAL HOSPITAL****XX*1111111111~
CAS*CO*45*168.43~
SVC*HC:93306*589.50*421.07**1~
DTM*472*20241228~
CLP*MMC2024000011*1*1723.08*1230.77*0*12*CLAIMREF001*11~
CLM*MMC2024000011*1723.08***24:B:1*Y*A*Y*I~
NM1*82*1*WILLIAMS*JAMES***XX*4567890123~
NM1*77*2*NORTHWEST SURGICAL ASC****XX*6666666666~
CAS*CO*45*492.31~
SVC*HC:29881*1723.08*1230.77**1~
DTM*472*20241222~
CLP*MMC2024000792*1*16.63*11.88*0*12*CLAIMREF001*11~
CLM*MMC2024000792*16.63***11:B:1*Y*A*Y*I~
NM1*82*1*MARTINEZ*CARLOS***XX*1234567890~
NM1*77*2*COMMUNITY IMAGING LLC****XX*5555555555~
CAS*CO*45*4.75~
SVC*HC:85025*16.63*11.88**1~
DTM*472*20241202~
CLP*MMC2024000766*1*16.77*11.98*0*12*CLAIMREF001*11~
CLM*MMC2024000766*16.77***11:B:1*Y*A*Y*I~
NM1*82*1*GARCIA*MARIA***XX*7890123456~
NM1*77*2*ADVANCED IMAGING CENTER****XX*2222222222~
CAS*CO*45*4.79~
SVC*HC:85025*16.77*11.98**1~
DTM*472*20241224~
CLP*MMC2024000582*1*469.14*335.10*0*12*CLAIMREF001*11~
CLM*MMC2024000582*469.14***11:B:1*Y*A*Y*I~
NM1*82*1*GARCIA*MARIA***XX*7890123456~
NM1*77*2*COMMUNITY IMAGING LLC****XX*5555555555~
CAS*CO*45*134.04~
SVC*HC:99205*469.14*335.10**1~
DTM*472*20241227~
CLP*MMC2024000336*1*271.42*193.87*0*12*CLAIMREF001*11~
CLM*MMC2024000336*271.42***22:B:1*Y*A*Y*I~
NM1*82*1*MARTINEZ*CARLOS***XX*1234567890~
NM1*77*2*MIDWEST GENERAL HOSPITAL****XX*1111111111~
CAS*CO*45*77.55~
SVC*HC:99214*271.42*193.87**1~
DTM*472*20241221~
CLP*MMC2024000191*1*189.84*135.60*0*12*CLAIMREF001*11~
CLM*MMC2024000191*189.84***24:B:1*Y*A*Y*I~
NM1*82*1*ANDERSON*DAVID***XX*8901234567~
NM1*77*2*ORTHO SURGICAL CENTER****XX*3333333333~
CAS*CO*45*54.24~
SVC*HC:99213*189.84*135.60**1~
DTM*472*20241210~
CLP*MMC2024000348*1*275.37*196.69*0*12*CLAIMREF001*11~
CLM*MMC2024000348*275.37***11:B:1*Y*A*Y*I~
NM1*82*1*CHEN*LISA***XX*5678901234~
NM1*77*2*COMMUNITY IMAGING LLC****XX*5555555555~
CAS*CO*45*78.68~
SVC*HC:99214*275.37*196.69**1~
DTM*472*20241218~
CLP*MMC2024000046*1*572.10*408.64*0*12*CLAIMREF001*11~
CLM*MMC2024000046*572.10***22:B:1*Y*A*Y*I~
NM1*82*1*GARCIA*MARIA***XX*7890123456~
NM1*77*2*MIDWEST GENERAL HOSPITAL****XX*1111111111~
CAS*CO*45*163.46~
SVC*HC:93306*572.10*408.64**1~
DTM*472*20241203~
CLP*MMC2024000815*1*16.42*11.73*0*12*CLAIMREF001*11~
CLM*MMC2024000815*16.42***11:B:1*Y*A*Y*I~
NM1*82*1*ANDERSON*DAVID***XX*8901234567~
NM1*77*2*ADVANCED IMAGING CENTER****XX*2222222222~
CAS*CO*45*4.69~
SVC*HC:85025*16.42*11.73**1~
DTM*472*20241210~
CLP*MMC2024000115*1*199.11*142.22*0*12*CLAIMREF001*11~
CLM*MMC2024000115*199.11***19:B:1*Y*A*Y*I~
NM1*82*1*WILLIAMS*JAMES***XX*4567890123~
NM1*77*2*ST LUKE OUTPATIENT****XX*7777777777~
CAS*CO*45*56.89~
SVC*HC:99213*199.11*142.22**1~
DTM*472*20241213~
CLP*MMC2024000251*1*202.48*144.63*0*12*CLAIMREF001*11~
CLM*MMC2024000251*202.48***19:B:1*Y*A*Y*I~
NM1*82*1*WILLIAMS*JAMES***XX*4567890123~
NM1*77*2*ST LUKE OUTPATIENT****XX*7777777777~
CAS*CO*45*57.85~
SVC*HC:99213*202.48*144.63**1~
DTM*472*20241214~
CLP*MMC2024000810*1*15.78*11.27*0*12*CLAIMREF001*11~
CLM*MMC2024000810*15.78***11:B:1*Y*A*Y*I~
NM1*82*1*PATEL*RAJ***XX*3456789012~
NM1*77*2*ADVANCED IMAGING CENTER****XX*2222222222~
CAS*CO*45*4.51~
SVC*HC:85025*15.78*11.27**1~
DTM*472*20241211~
CLP*MMC2024000194*1*204.97*146.41*0*12*CLAIMREF001*11~
CLM*MMC2024000194*204.97***11:B:1*Y*A*Y*I~
NM1*82*1*PATEL*RAJ***XX*3456789012~
NM1*77*2*COMMUNITY IMAGING LLC****XX*5555555555~
CAS*CO*45*58.56~
SVC*HC:99213*204.97*146.41**1~
DTM*472*20241212~
CLP*MMC2024000417*1*286.10*204.36*0*12*CLAIMREF001*11~
CLM*MMC2024000417*286.10***11:B:1*Y*A*Y*I~
NM1*82*1*JOHNSON*SARAH***XX*2345678901~
NM1*77*2*ADVANCED IMAGING CENTER****XX*2222222222~
CAS*CO*45*81.74~
SVC*HC:99214*286.10*204.36**1~
DTM*472*20241205~
CLP*MMC2024000176*1*195.71*139.79*0*12*CLAIMREF001*11~
CLM*MMC2024000176*195.71***22:B:1*Y*A*Y*I~
NM1*82*1*MARTINEZ*CARLOS***XX*1234567890~
NM1*77*2*REGIONAL MEDICAL CENTER****XX*4444444444~
CAS*CO*45*55.92~
SVC*HC:99213*195.71*139.79**1~
DTM*472*20241220~
CLP*MMC2024000158*1*187.98*134.27*0*12*CLAIMREF001*11~
CLM*MMC2024000158*187.98***22:B:1*Y*A*Y*I~
NM1*82*1*GARCIA*MARIA***XX*7890123456~
NM1*77*2*MIDWEST GENERAL HOSPITAL****XX*1111111111~
CAS*CO*45*53.71~
SVC*HC:99213*187.98*134.27**1~
DTM*472*20241219~
CLP*MMC2024000062*1*422.06*301.47*0*12*CLAIMREF001*11~
CLM*MMC2024000062*422.06***22:B:1*Y*A*Y*I~
NM1*82*1*GARCIA*MARIA***XX*7890123456~
NM1*77*2*REGIONAL MEDICAL CENTER****XX*4444444444~
CAS*CO*45*120.59~
SVC*HC:75571*422.06*301.47**1~
DTM*472*20241213~
CLP*MMC2024000497*1*347.51*248.22*0*12*CLAIMREF001*11~
CLM*MMC2024000497*347.51***22:B:1*Y*A*Y*I~
NM1*82*1*JOHNSON*SARAH***XX*2345678901~
NM1*77*2*MIDWEST GENERAL HOSPITAL****XX*1111111111~
CAS*CO*45*99.29~
SVC*HC:99204*347.51*248.22**1~
DTM*472*20241201~
CLP*MMC2024000273*1*203.73*145.52*0*12*CLAIMREF001*11~
CLM*MMC2024000273*203.73***24:B:1*Y*A*Y*I~
NM1*82*1*JOHNSON*SARAH***XX*2345678901~
NM1*77*2*ORTHO SURGICAL CENTER****XX*3333333333~
CAS*CO*45*58.21~
SVC*HC:99213*203.73*145.52**1~
DTM*472*20241223~
CLP*MMC2024000933*1*18.21*13.01*0*12*CLAIMREF001*11~
CLM*MMC2024000933*18.21***11:B:1*Y*A*Y*I~
NM1*82*1*THOMPSON*MICHAEL***XX*6789012345~
NM1*77*2*ADVANCED IMAGING CENTER****XX*2222222222~
CAS*CO*45*5.20~
SVC*HC:36415*18.21*13.01**1~
DTM*472*20241218~
CLP*MMC2024000238*1*198.65*141.89*0*12*CLAIMREF001*11~
CLM*MMC2024000238*198.65***22:B:1*Y*A*Y*I~
NM1*82*1*GARCIA*MARIA***XX*7890123456~
NM1*77*2*REGIONAL MEDICAL CENTER****XX*4444444444~
CAS*CO*45*56.76~
SVC*HC:99213*198.65*141.89**1~
DTM*472*20241219~
CLP*MMC2024000570*1*468.38*334.56*0*12*CLAIMREF001*11~
CLM*MMC2024000570*468.38***19:B:1*Y*A*Y*I~
NM1*82*1*PATEL*RAJ***XX*3456789012~
NM1*77*2*ST LUKE OUTPATIENT****XX*7777777777~
CAS*CO*45*133.82~
SVC*HC:99205*468.38*334.56**1~
DTM*472*20241215~
CLP*MMC2024000358*1*289.21*206.58*0*12*CLAIMREF001*11~
CLM*MMC2024000358*289.21***11:B:1*Y*A*Y*I~
NM1*82*1*GARCIA*MARIA***XX*7890123456~
NM1*77*2*ADVANCED IMAGING CENTER****XX*2222222222~
CAS*CO*45*82.63~
SVC*HC:99214*289.21*206.58**1~
DTM*472*20241205~
CLP*MMC2024000131*1*188.45*134.61*0*12*CLAIMREF001*11~
CLM*MMC2024000131*188.45***24:B:1*Y*A*Y*I~
NM1*82*1*WILLIAMS*JAMES***XX*4567890123~
NM1*77*2*NORTHWEST SURGICAL ASC****XX*6666666666~
CAS*CO*45*53.84~
SVC*HC:99213*188.45*134.61**1~
DTM*472*20241223~
CLP*MMC2024000378*1*283.53*202.52*0*12*CLAIMREF001*11~
CLM*MMC2024000378*283.53***24:B:1*Y*A*Y*I~
NM1*82*1*PATEL*RAJ***XX*3456789012~
NM1*77*2*ORTHO SURGICAL CENTER****XX*3333333333~
CAS*CO*45*81.01~
SVC*HC:99214*283.53*202.52**1~
DTM*472*20241214~
CLP*MMC2024000575*1*444.44*317.46*0*12*CLAIMREF001*11~
CLM*MMC2024000575*444.44***11:B:1*Y*A*Y*I~
NM1*82*1*ANDERSON*DAVID***XX*8901234567~
NM1*77*2*ADVANCED IMAGING CENTER****XX*2222222222~
CAS*CO*45*126.98~
SVC*HC:99205*444.44*317.46**1~
DTM*472*20241210~
CLP*MMC2024000296*1*192.51*137.51*0*12*CLAIMREF001*11~
CLM*MMC2024000296*192.51***24:B:1*Y*A*Y*I~
NM1*82*1*MARTINEZ*CARLOS***XX*1234567890~
NM1*77*2*NORTHWEST SURGICAL ASC****XX*6666666666~
CAS*CO*45*55.00~
SVC*HC:99213*192.51*137.51**1~
DTM*472*20241205~
CLP*MMC2024000075*1*648.13*462.95*0*12*CLAIMREF001*11~
CLM*MMC2024000075*648.13***22:B:1*Y*A*Y*I~
NM1*82*1*WILLIAMS*JAMES***XX*4567890123~
NM1*77*2*MIDWEST GENERAL HOSPITAL****XX*1111111111~
CAS*CO*45*185.18~
SVC*HC:93350*648.13*462.95**1~
DTM*472*20241211~
CLP*MMC2024000418*1*275.86*197.04*0*12*CLAIMREF001*11~
CLM*MMC2024000418*275.86***24:B:1*Y*A*Y*I~
NM1*82*1*PATEL*RAJ***XX*3456789012~
NM1*77*2*ORTHO SURGICAL CENTER****XX*3333333333~
CAS*CO*45*78.82~
SVC*HC:99214*275.86*197.04**1~
DTM*472*20241217~
CLP*MMC2024000549*1*453.24*323.74*0*12*CLAIMREF001*11~
CLM*MMC2024000549*453.24***22:B:1*Y*A*Y*I~
NM1*82*1*THOMPSON*MICHAEL***XX*6789012345~
NM1*77*2*REGIONAL MEDICAL CENTER****XX*4444444444~
CAS*CO*45*129.50~
SVC*HC:99205*453.24*323.74**1~
DTM*472*20241208~
CLP*MMC2024000438*1*286.30*204.50*0*12*CLAIMREF001*11~
CLM*MMC2024000438*286.30***19:B:1*Y*A*Y*I~
NM1*82*1*GARCIA*MARIA***XX*7890123456~
NM1*77*2*ST LUKE OUTPATIENT****XX*7777777777~
CAS*CO*45*81.80~
SVC*HC:99214*286.30*204.50**1~
DTM*472*20241222~
CLP*MMC2024000836*1*16.34*11.67*0*12*CLAIMREF001*11~
CLM*MMC2024000836*16.34***11:B:1*Y*A*Y*I~
NM1*82*1*CHEN*LISA***XX*5678901234~
NM1*77*2*COMMUNITY IMAGING LLC****XX*5555555555~
CAS*CO*45*4.67~
SVC*HC:85025*16.34*11.67**1~
DTM*472*20241215~
CLP*MMC2024000101*1*271.84*194.17*0*12*CLAIMREF001*11~
CLM*MMC2024000101*271.84***24:B:1*Y*A*Y*I~
NM1*82*1*THOMPSON*MICHAEL***XX*6789012345~
NM1*77*2*NORTHWEST SURGICAL ASC****XX*6666666666~
CAS*CO*45*77.67~
SVC*HC:20610*271.84*194.17**1~
DTM*472*20241218~
CLP*MMC2024000677*1*22.09*15.78*0*12*CLAIMREF001*11~
CLM*MMC2024000677*22.09***22:B:1*Y*A*Y*I~
NM1*82*1*THOMPSON*MICHAEL***XX*6789012345~
NM1*77*2*MIDWEST GENERAL HOSPITAL****XX*1111111111~
CAS*CO*45*6.31~
SVC*HC:80053*22.09*15.78**1~
DTM*472*20241213~
CLP*MMC2024000918*1*19.04*13.60*0*12*CLAIMREF001*11~
CLM*MMC2024000918*19.04***11:B:1*Y*A*Y*I~
NM1*82*1*GARCIA*MARIA***XX*7890123456~
NM1*77*2*ADVANCED IMAGING CENTER****XX*2222222222~
CAS*CO*45*5.44~
SVC*HC:36415*19.04*13.60**1~
DTM*472*20241205~
CLP*MMC2024000374*1*268.77*191.98*0*12*CLAIMREF001*11~
CLM*MMC2024000374*268.77***11:B:1*Y*A*Y*I~
NM1*82*1*GARCIA*MARIA***XX*7890123456~
NM1*77*2*COMMUNITY IMAGING LLC****XX*5555555555~
CAS*CO*45*76.79~
SVC*HC:99214*268.77*191.98**1~
DTM*472*20241213~
CLP*MMC2024000168*1*198.87*142.05*0*12*CLAIMREF001*11~
CLM*MMC2024000168*198.87***22:B:1*Y*A*Y*I~
NM1*82*1*MARTINEZ*CARLOS***XX*1234567890~
NM1*77*2*MIDWEST GENERAL HOSPITAL****XX*1111111111~
CAS*CO*45*56.82~
SVC*HC:99213*198.87*142.05**1~
DTM*472*20241226~
CLP*MMC2024000690*1*22.86*16.33*0*12*CLAIMREF001*11~
CLM*MMC2024000690*22.86***11:B:1*Y*A*Y*I~
NM1*82*1*PATEL*RAJ***XX*3456789012~
NM1*77*2*ADVANCED IMAGING CENTER****XX*2222222222~
CAS*CO*45*6.53~
SVC*HC:80053*22.86*16.33**1~
DTM*472*20241208~
CLP*MMC2024000139*1*200.23*143.02*0*12*CLAIMREF001*11~
CLM*MMC2024000139*200.23***24:B:1*Y*A*Y*I~
NM1*82*1*WILLIAMS*JAMES***XX*4567890123~
NM1*77*2*NORTHWEST SURGICAL ASC****XX*6666666666~
CAS*CO*45*57.21~
SVC*HC:99213*200.23*143.02**1~
DTM*472*20241218~
CLP*MMC2024000140*1*200.10*142.93*0*12*CLAIMREF001*11~
CLM*MMC2024000140*200.10***24:B:1*Y*A*Y*I~
NM1*82*1*CHEN*LISA***XX*5678901234~
NM1*77*2*ORTHO SURGICAL CENTER****XX*3333333333~
CAS*CO*45*57.17~
SVC*HC:99213*200.10*142.93**1~
DTM*472*20241216~
CLP*MMC2024000959*1*19.03*13.59*0*12*CLAIMREF001*11~
CLM*MMC2024000959*19.03***11:B:1*Y*A*Y*I~
NM1*82*1*ANDERSON*DAVID***XX*8901234567~
NM1*77*2*ADVANCED IMAGING CENTER****XX*2222222222~
CAS*CO*45*5.44~
SVC*HC:36415*19.03*13.59**1~
DTM*472*20241226~
CLP*MMC2024000987*1*17.86*12.76*0*12*CLAIMREF001*11~
CLM*MMC2024000987*17.86***11:B:1*Y*A*Y*I~
NM1*82*1*WILLIAMS*JAMES***XX*4567890123~
NM1*77*2*ADVANCED IMAGING CENTER****XX*2222222222~
CAS*CO*45*5.10~
SVC*HC:36415*17.86*12.76**1~
DTM*472*20241202~
CLP*MMC2024000865*1*32.68*23.34*0*12*CLAIMREF001*11~
CLM*MMC2024000865*32.68***11:B:1*Y*A*Y*I~
NM1*82*1*JOHNSON*SARAH***XX*2345678901~
NM1*77*2*ADVANCED IMAGING CENTER****XX*2222222222~
CAS*CO*45*9.34~
SVC*HC:93000*32.68*23.34**1~
DTM*472*20241214~
CLP*MMC2024000581*1*468.31*334.51*0*12*CLAIMREF001*11~
CLM*MMC2024000581*468.31***11:B:1*Y*A*Y*I~
NM1*82*1*THOMPSON*MICHAEL***XX*6789012345~
NM1*77*2*ADVANCED IMAGING CENTER****XX*2222222222~
CAS*CO*45*133.80~
SVC*HC:99205*468.31*334.51**1~
DTM*472*20241206~
CLP*MMC2024000335*1*282.53*201.81*0*12*CLAIMREF001*11~
CLM*MMC2024000335*282.53***11:B:1*Y*A*Y*I~
NM1*82*1*ANDERSON*DAVID***XX*8901234567~
NM1*77*2*COMMUNITY IMAGING LLC****XX*5555555555~
CAS*CO*45*80.72~
SVC*HC:99214*282.53*201.81**1~
DTM*472*20241220~
CLP*MMC2024000197*1*189.27*135.19*0*12*CLAIMREF001*11~
CLM*MMC2024000197*189.27***22:B:1*Y*A*Y*I~
NM1*82*1*THOMPSON*MICHAEL***XX*6789012345~
NM1*77*2*MIDWEST GENERAL HOSPITAL****XX*1111111111~
CAS*CO*45*54.08~
SVC*HC:99213*189.27*135.19**1~
DTM*472*20241224~
CLP*MMC2024000826*1*15.72*11.23*0*12*CLAIMREF001*11~
CLM*MMC2024000826*15.72***11:B:1*Y*A*Y*I~
NM1*82*1*PATEL*RAJ***XX*3456789012~
NM1*77*2*ADVANCED IMAGING CENTER****XX*2222222222~
CAS*CO*45*4.49~
SVC*HC:85025*15.72*11.23**1~
DTM*472*20241226~
CLP*MMC2024000233*1*193.37*138.12*0*12*CLAIMREF001*11~
CLM*MMC2024000233*193.37***22:B:1*Y*A*Y*I~
NM1*82*1*JOHNSON*SARAH***XX*2345678901~
NM1*77*2*REGIONAL MEDICAL CENTER****XX*4444444444~
CAS*CO*45*55.25~
SVC*HC:99213*193.37*138.12**1~
DTM*472*20241217~
CLP*MMC2024000297*1*190.27*135.91*0*12*CLAIMREF001*11~
CLM*MMC2024000297*190.27***24:B:1*Y*A*Y*I~
NM1*82*1*JOHNSON*SARAH***XX*2345678901~
NM1*77*2*NORTHWEST SURGICAL ASC****XX*6666666666~
CAS*CO*45*54.36~
SVC*HC:99213*190.27*135.91**1~
DTM*472*20241219~
CLP*MMC2024001059*1*136.74*97.67*0*12*CLAIMREF001*11~
CLM*MMC2024001059*136.74***19:B:1*Y*A*Y*I~
NM1*82*1*WILLIAMS*JAMES***XX*4567890123~
NM1*77*2*ST LUKE OUTPATIENT****XX*7777777777~
CAS*CO*45*39.07~
SVC*HC:99232*136.74*97.67**1~
DTM*472*20241206~
CLP*MMC2024000008*1*3876.75*2769.11*0*12*CLAIMREF001*11~
CLM*MMC2024000008*3876.75***24:B:1*Y*A*Y*I~
NM1*82*1*MARTINEZ*CARLOS***XX*1234567890~
NM1*77*2*NORTHWEST SURGICAL ASC****XX*6666666666~
CAS*CO*45*1107.64~
SVC*HC:27447*3876.75*2769.11**1~
DTM*472*20241220~
CLP*MMC2024000967*1*19.12*13.66*0*12*CLAIMREF001*11~
CLM*MMC2024000967*19.12***19:B:1*Y*A*Y*I~
NM1*82*1*ANDERSON*DAVID***XX*8901234567~
NM1*77*2*ST LUKE OUTPATIENT****XX*7777777777~
CAS*CO*45*5.46~
SVC*HC:36415*19.12*13.66**1~
DTM*472*20241218~
CLP*MMC2024000589*1*450.03*321.45*0*12*CLAIMREF001*11~
CLM*MMC2024000589*450.03***24:B:1*Y*A*Y*I~
NM1*82*1*THOMPSON*MICHAEL***XX*6789012345~
NM1*77*2*NORTHWEST SURGICAL ASC****XX*6666666666~
CAS*CO*45*128.58~
SVC*HC:99205*450.03*321.45**1~
DTM*472*20241210~
CLP*MMC2024000488*1*341.39*243.85*0*12*CLAIMREF001*11~
CLM*MMC2024000488*341.39***24:B:1*Y*A*Y*I~
NM1*82*1*MARTINEZ*CARLOS***XX*1234567890~
NM1*77*2*ORTHO SURGICAL CENTER****XX*3333333333~
CAS*CO*45*97.54~
SVC*HC:99204*341.39*243.85**1~
DTM*472*20241227~
CLP*MMC2024000880*1*33.35*23.82*0*12*CLAIMREF001*11~
CLM*MMC2024000880*33.35***11:B:1*Y*A*Y*I~
NM1*82*1*MARTINEZ*CARLOS***XX*1234567890~
NM1*77*2*ADVANCED IMAGING CENTER****XX*2222222222~
CAS*CO*45*9.53~
SVC*HC:93000*33.35*23.82**1~
DTM*472*20241213~
CLP*MMC2024000479*1*349.66*249.76*0*12*CLAIMREF001*11~
CLM*MMC2024000479*349.66***19:B:1*Y*A*Y*I~
NM1*82*1*ANDERSON*DAVID***XX*8901234567~
NM1*77*2*ST LUKE OUTPATIENT****XX*7777777777~
CAS*CO*45*99.90~
SVC*HC:99204*349.66*249.76**1~
DTM*472*20241215~
CLP*MMC2024000342*1*283.96*202.83*0*12*CLAIMREF001*11~
CLM*MMC2024000342*283.96***24:B:1*Y*A*Y*I~
NM1*82*1*GARCIA*MARIA***XX*7890123456~
NM1*77*2*NORTHWEST SURGICAL ASC****XX*6666666666~
CAS*CO*45*81.13~
SVC*HC:99214*283.96*202.83**1~
DTM*472*20241219~
CLP*MMC2024000436*1*286.44*204.60*0*12*CLAIMREF001*11~
CLM*MMC2024000436*286.44***22:B:1*Y*A*Y*I~
NM1*82*1*CHEN*LISA***XX*5678901234~
NM1*77*2*MIDWEST GENERAL HOSPITAL****XX*1111111111~
CAS*CO*45*81.84~
SVC*HC:99214*286.44*204.60**1~
DTM*472*20241206~
CLP*MMC2024001056*1*134.33*95.95*0*12*CLAIMREF001*11~
CLM*MMC2024001056*134.33***11:B:1*Y*A*Y*I~
NM1*82*1*MARTINEZ*CARLOS***XX*1234567890~
NM1*77*2*COMMUNITY IMAGING LLC****XX*5555555555~
CAS*CO*45*38.38~
SVC*HC:99232*134.33*95.95**1~
DTM*472*20241227~
CLP*MMC2024000527*1*353.82*252.73*0*12*CLAIMREF001*11~
CLM*MMC2024000527*353.82***24:B:1*Y*A*Y*I~
NM1*82*1*ANDERSON*DAVID***XX*8901234567~
NM1*77*2*NORTHWEST SURGICAL ASC****XX*6666666666~
CAS*CO*45*101.09~
SVC*HC:99204*353.82*252.73**1~
DTM*472*20241213~
CLP*MMC2024000227*1*200.96*143.54*0*12*CLAIMREF001*11~
CLM*MMC2024000227*200.96***24:B:1*Y*A*Y*I~
NM1*82*1*WILLIAMS*JAMES***XX*4567890123~
NM1*77*2*ORTHO SURGICAL CENTER****XX*3333333333~
CAS*CO*45*57.42~
SVC*HC:99213*200.96*143.54**1~
DTM*472*20241214~
CLP*MMC2024000913*1*18.34*13.10*0*12*CLAIMREF001*11~
CLM*MMC2024000913*18.34***11:B:1*Y*A*Y*I~
NM1*82*1*JOHNSON*SARAH***XX*2345678901~
NM1*77*2*COMMUNITY IMAGING LLC****XX*5555555555~
CAS*CO*45*5.24~
SVC*HC:36415*18.34*13.10**1~
DTM*472*20241203~
CLP*MMC2024000068*1*400.81*286.29*0*12*CLAIMREF001*11~
CLM*MMC2024000068*400.81***11:B:1*Y*A*Y*I~
NM1*82*1*CHEN*LISA***XX*5678901234~
NM1*77*2*COMMUNITY IMAGING LLC****XX*5555555555~
CAS*CO*45*114.52~
SVC*HC:75571*400.81*286.29**1~
DTM*472*20241220~
CLP*MMC2024000372*1*290.64*207.60*0*12*CLAIMREF001*11~
CLM*MMC2024000372*290.64***22:B:1*Y*A*Y*I~
NM1*82*1*CHEN*LISA***XX*5678901234~
NM1*77*2*MIDWEST GENERAL HOSPITAL****XX*1111111111~
CAS*CO*45*83.04~
SVC*HC:99214*290.64*207.60**1~
DTM*472*20241203~
CLP*MMC2024000676*1*21.36*15.26*0*12*CLAIMREF001*11~
CLM*MMC2024000676*21.36***11:B:1*Y*A*Y*I~
NM1*82*1*CHEN*LISA***XX*5678901234~
NM1*77*2*ADVANCED IMAGING CENTER****XX*2222222222~
CAS*CO*45*6.10~
SVC*HC:80053*21.36*15.26**1~
DTM*472*20241218~
CLP*MMC2024000514*1*348.94*249.24*0*12*CLAIMREF001*11~
CLM*MMC2024000514*348.94***22:B:1*Y*A*Y*I~
NM1*82*1*PATEL*RAJ***XX*3456789012~
NM1*77*2*MIDWEST GENERAL HOSPITAL****XX*1111111111~
CAS*CO*45*99.70~
SVC*HC:99204*348.94*249.24**1~
DTM*472*20241225~
CLP*MMC2024000328*1*284.13*202.95*0*12*CLAIMREF001*11~
CLM*MMC2024000328*284.13***24:B:1*Y*A*Y*I~
NM1*82*1*MARTINEZ*CARLOS***XX*1234567890~
NM1*77*2*NORTHWEST SURGICAL ASC****XX*6666666666~
CAS*CO*45*81.18~
SVC*HC:99214*284.13*202.95**1~
DTM*472*20241228~
CLP*MMC2024000313*1*286.05*204.32*0*12*CLAIMREF001*11~
CLM*MMC2024000313*286.05***22:B:1*Y*A*Y*I~
NM1*82*1*JOHNSON*SARAH***XX*2345678901~
NM1*77*2*REGIONAL MEDICAL CENTER****XX*4444444444~
CAS*CO*45*81.73~
SVC*HC:99214*286.05*204.32**1~
DTM*472*20241225~
CLP*MMC2024000475*1*349.61*249.72*0*12*CLAIMREF001*11~
CLM*MMC2024000475*349.61***24:B:1*Y*A*Y*I~
NM1*82*1*WILLIAMS*JAMES***XX*4567890123~
NM1*77*2*ORTHO SURGICAL CENTER****XX*3333333333~
CAS*CO*45*99.89~
SVC*HC:99204*349.61*249.72**1~
DTM*472*20241215~
CLP*MMC2024000072*1*7282.60*5201.86*0*12*CLAIMREF001*11~
CLM*MMC2024000072*7282.60***22:B:1*Y*A*Y*I~
NM1*82*1*MARTINEZ*CARLOS***XX*1234567890~
NM1*77*2*REGIONAL MEDICAL CENTER****XX*4444444444~
CAS*CO*45*2080.74~
SVC*HC:22551*7282.60*5201.86**1~
DTM*472*20241207~
CLP*MMC2024000216*1*191.32*136.66*0*12*CLAIMREF001*11~
CLM*MMC2024000216*191.32***24:B:1*Y*A*Y*I~
NM1*82*1*MARTINEZ*CARLOS***XX*1234567890~
NM1*77*2*NORTHWEST SURGICAL ASC****XX*6666666666~
CAS*CO*45*54.66~
SVC*HC:99213*191.32*136.66**1~
DTM*472*20241210~
CLP*MMC2024000946*1*17.63*12.59*0*12*CLAIMREF001*11~
CLM*MMC2024000946*17.63***22:B:1*Y*A*Y*I~
NM1*82*1*PATEL*RAJ***XX*3456789012~
NM1*77*2*REGIONAL MEDICAL CENTER****XX*4444444444~
CAS*CO*45*5.04~
SVC*HC:36415*17.63*12.59**1~
DTM*472*20241204~
CLP*MMC2024000090*1*243.59*173.99*0*12*CLAIMREF001*11~
CLM*MMC2024000090*243.59***24:B:1*Y*A*Y*I~
NM1*82*1*PATEL*RAJ***XX*3456789012~
NM1*77*2*ORTHO SURGICAL CENTER****XX*3333333333~
CAS*CO*45*69.60~
SVC*HC:20610*243.59*173.99**1~
DTM*472*20241222~
CLP*MMC2024001047*1*141.67*101.19*0*12*CLAIMREF001*11~
CLM*MMC2024001047*141.67***22:B:1*Y*A*Y*I~
NM1*82*1*ANDERSON*DAVID***XX*8901234567~
NM1*77*2*MIDWEST GENERAL HOSPITAL****XX*1111111111~
CAS*CO*45*40.48~
SVC*HC:99232*141.67*101.19**1~
DTM*472*20241207~
CLP*MMC2024000292*1*200.09*142.92*0*12*CLAIMREF001*11~
CLM*MMC2024000292*200.09***24:B:1*Y*A*Y*I~
NM1*82*1*CHEN*LISA***XX*5678901234~
NM1*77*2*NORTHWEST SURGICAL ASC****XX*6666666666~
CAS*CO*45*57.17~
SVC*HC:99213*200.09*142.92**1~
DTM*472*20241204~
CLP*MMC2024000974*1*18.07*12.91*0*12*CLAIMREF001*11~
CLM*MMC2024000974*18.07***19:B:1*Y*A*Y*I~
NM1*82*1*GARCIA*MARIA***XX*7890123456~
NM1*77*2*ST LUKE OUTPATIENT****XX*7777777777~
CAS*CO*45*5.16~
SVC*HC:36415*18.07*12.91**1~
DTM*472*20241219~
CLP*MMC2024000356*1*271.28*193.77*0*12*CLAIMREF001*11~
CLM*MMC2024000356*271.28***24:B:1*Y*A*Y*I~
NM1*82*1*CHEN*LISA***XX*5678901234~
NM1*77*2*ORTHO SURGICAL CENTER****XX*3333333333~
CAS*CO*45*77.51~
SVC*HC:99214*271.28*193.77**1~
DTM*472*20241211~
CLP*MMC2024000761*1*15.97*11.41*0*12*CLAIMREF001*11~
CLM*MMC2024000761*15.97***11:B:1*Y*A*Y*I~
NM1*82*1*JOHNSON*SARAH***XX*2345678901~
NM1*77*2*ADVANCED IMAGING CENTER****XX*2222222222~
CAS*CO*45*4.56~
SVC*HC:85025*15.97*11.41**1~
DTM*472*20241224~
CLP*MMC2024000359*1*280.32*200.23*0*12*CLAIMREF001*11~
CLM*MMC2024000359*280.32***11:B:1*Y*A*Y*I~
NM1*82*1*ANDERSON*DAVID***XX*8901234567~
NM1*77*2*ADVANCED IMAGING CENTER****XX*2222222222~
CAS*CO*45*80.09~
SVC*HC:99214*280.32*200.23**1~
DTM*472*20241204~
CLP*MMC2024001068*1*131.85*94.18*0*12*CLAIMREF001*11~
CLM*MMC2024001068*131.85***22:B:1*Y*A*Y*I~
NM1*82*1*CHEN*LISA***XX*5678901234~
NM1*77*2*MIDWEST GENERAL HOSPITAL****XX*1111111111~
CAS*CO*45*37.67~
SVC*HC:99232*131.85*94.18**1~
DTM*472*20241216~
CLP*MMC2024000553*1*459.33*328.09*0*12*CLAIMREF001*11~
CLM*MMC2024000553*459.33***22:B:1*Y*A*Y*I~
NM1*82*1*JOHNSON*SARAH***XX*2345678901~
NM1*77*2*REGIONAL MEDICAL CENTER****XX*4444444444~
CAS*CO*45*131.24~
SVC*HC:99205*459.33*328.09**1~
DTM*472*20241223~
CLP*MMC2024000069*1*435.09*310.78*0*12*CLAIMREF001*11~
CLM*MMC2024000069*435.09***11:B:1*Y*A*Y*I~
NM1*82*1*THOMPSON*MICHAEL***XX*6789012345~
NM1*77*2*ADVANCED IMAGING CENTER****XX*2222222222~
CAS*CO*45*124.31~
SVC*HC:75571*435.09*310.78**1~
DTM*472*20241222~
CLP*MMC2024000465*1*349.40*249.57*0*12*CLAIMREF001*11~
CLM*MMC2024000465*349.40***11:B:1*Y*A*Y*I~
NM1*82*1*JOHNSON*SARAH***XX*2345678901~
NM1*77*2*COMMUNITY IMAGING LLC****XX*5555555555~
CAS*CO*45*99.83~
SVC*HC:99204*349.40*249.57**1~
DTM*472*20241201~
CLP*MMC2024000592*1*448.14*320.10*0*12*CLAIMREF001*11~
CLM*MMC2024000592*448.14***11:B:1*Y*A*Y*I~
NM1*82*1*MARTINEZ*CARLOS***XX*1234567890~
NM1*77*2*ADVANCED IMAGING CENTER****XX*2222222222~
CAS*CO*45*128.04~
SVC*HC:99205*448.14*320.10**1~
DTM*472*20241211~
CLP*MMC2024000224*1*190.04*135.74*0*12*CLAIMREF001*11~
CLM*MMC2024000224*190.04***22:B:1*Y*A*Y*I~
NM1*82*1*MARTINEZ*CARLOS***XX*1234567890~
NM1*77*2*REGIONAL MEDICAL CENTER****XX*4444444444~
CAS*CO*45*54.30~
SVC*HC:99213*190.04*135.74**1~
DTM*472*20241223~
CLP*MMC2024000308*1*293.15*209.39*0*12*CLAIMREF001*11~
CLM*MMC2024000308*293.15***19:B:1*Y*A*Y*I~
NM1*82*1*CHEN*LISA***XX*5678901234~
NM1*77*2*ST LUKE OUTPATIENT****XX*7777777777~
CAS*CO*45*83.76~
SVC*HC:99214*293.15*209.39**1~
DTM*472*20241204~
CLP*MMC2024000861*1*31.60*22.57*0*12*CLAIMREF001*11~
CLM*MMC2024000861*31.60***11:B:1*Y*A*Y*I~
NM1*82*1*THOMPSON*MICHAEL***XX*6789012345~
NM1*77*2*ADVANCED IMAGING CENTER****XX*2222222222~
CAS*CO*45*9.03~
SVC*HC:93000*31.60*22.57**1~
DTM*472*20241221~
CLP*MMC2024000716*1*22.93*16.38*0*12*CLAIMREF001*11~
CLM*MMC2024000716*22.93***22:B:1*Y*A*Y*I~
NM1*82*1*CHEN*LISA***XX*5678901234~
NM1*77*2*REGIONAL MEDICAL CENTER****XX*4444444444~
CAS*CO*45*6.55~
SVC*HC:80053*22.93*16.38**1~
DTM*472*20241211~
CLP*MMC2024000689*1*21.41*15.29*0*12*CLAIMREF001*11~
CLM*MMC2024000689*21.41***11:B:1*Y*A*Y*I~
NM1*82*1*JOHNSON*SARAH***XX*2345678901~
NM1*77*2*ADVANCED IMAGING CENTER****XX*2222222222~
CAS*CO*45*6.12~
SVC*HC:80053*21.41*15.29**1~
DTM*472*20241202~
CLP*MMC2024000087*1*4505.58*3218.27*0*12*CLAIMREF001*11~
CLM*MMC2024000087*4505.58***22:B:1*Y*A*Y*I~
NM1*82*1*ANDERSON*DAVID***XX*8901234567~
NM1*77*2*MIDWEST GENERAL HOSPITAL****XX*1111111111~
CAS*CO*45*1287.31~
SVC*HC:75574*4505.58*3218.27**1~
DTM*472*20241204~
CLP*MMC2024000220*1*198.41*141.72*0*12*CLAIMREF001*11~
CLM*MMC2024000220*198.41***11:B:1*Y*A*Y*I~
NM1*82*1*CHEN*LISA***XX*5678901234~
NM1*77*2*ADVANCED IMAGING CENTER****XX*2222222222~
CAS*CO*45*56.69~
SVC*HC:99213*198.41*141.72**1~
DTM*472*20241208~
CLP*MMC2024000813*1*16.32*11.66*0*12*CLAIMREF001*11~
CLM*MMC2024000813*16.32***11:B:1*Y*A*Y*I~
NM1*82*1*THOMPSON*MICHAEL***XX*6789012345~
NM1*77*2*COMMUNITY IMAGING LLC****XX*5555555555~
CAS*CO*45*4.66~
SVC*HC:85025*16.32*11.66**1~
DTM*472*20241214~
CLP*MMC2024000187*1*190.22*135.87*0*12*CLAIMREF001*11~
CLM*MMC2024000187*190.22***24:B:1*Y*A*Y*I~
NM1*82*1*WILLIAMS*JAMES***XX*4567890123~
NM1*77*2*NORTHWEST SURGICAL ASC****XX*6666666666~
CAS*CO*45*54.35~
SVC*HC:99213*190.22*135.87**1~
DTM*472*20241216~
CLP*MMC2024000541*1*462.41*330.29*0*12*CLAIMREF001*11~
CLM*MMC2024000541*462.41***11:B:1*Y*A*Y*I~
NM1*82*1*THOMPSON*MICHAEL***XX*6789012345~
NM1*77*2*ADVANCED IMAGING CENTER****XX*2222222222~
CAS*CO*45*132.12~
SVC*HC:99205*462.41*330.29**1~
DTM*472*20241201~
CLP*MMC2024000662*1*22.06*15.76*0*12*CLAIMREF001*11~
CLM*MMC2024000662*22.06***11:B:1*Y*A*Y*I~
NM1*82*1*GARCIA*MARIA***XX*7890123456~
NM1*77*2*COMMUNITY IMAGING LLC****XX*5555555555~
CAS*CO*45*6.30~
SVC*HC:80053*22.06*15.76**1~
DTM*472*20241210~
CLP*MMC2024000643*1*21.59*15.42*0*12*CLAIMREF001*11~
CLM*MMC2024000643*21.59***11:B:1*Y*A*Y*I~
NM1*82*1*WILLIAMS*JAMES***XX*4567890123~
NM1*77*2*COMMUNITY IMAGING LLC****XX*5555555555~
CAS*CO*45*6.17~
SVC*HC:80053*21.59*15.42**1~
DTM*472*20241223~
CLP*MMC2024000658*1*22.43*16.02*0*12*CLAIMREF001*11~
CLM*MMC2024000658*22.43***11:B:1*Y*A*Y*I~
NM1*82*1*PATEL*RAJ***XX*3456789012~
NM1*77*2*COMMUNITY IMAGING LLC****XX*5555555555~
CAS*CO*45*6.41~
SVC*HC:80053*22.43*16.02**1~
DTM*472*20241227~
CLP*MMC2024000249*1*187.77*134.12*0*12*CLAIMREF001*11~
CLM*MMC2024000249*187.77***24:B:1*Y*A*Y*I~
NM1*82*1*JOHNSON*SARAH***XX*2345678901~
NM1*77*2*NORTHWEST SURGICAL ASC****XX*6666666666~
CAS*CO*45*53.65~
SVC*HC:99213*187.77*134.12**1~
DTM*472*20241228~
CLP*MMC2024000893*1*32.61*23.29*0*12*CLAIMREF001*11~
CLM*MMC2024000893*32.61***24:B:1*Y*A*Y*I~
NM1*82*1*THOMPSON*MICHAEL***XX*6789012345~
NM1*77*2*ORTHO SURGICAL CENTER****XX*3333333333~
CAS*CO*45*9.32~
SVC*HC:93000*32.61*23.29**1~
DTM*472*20241202~
CLP*MMC2024000919*1*17.40*12.43*0*12*CLAIMREF001*11~
CLM*MMC2024000919*17.40***11:B:1*Y*A*Y*I~
NM1*82*1*ANDERSON*DAVID***XX*8901234567~
NM1*77*2*ADVANCED IMAGING CENTER****XX*2222222222~
CAS*CO*45*4.97~
SVC*HC:36415*17.40*12.43**1~
DTM*472*20241218~
CLP*MMC2024000036*1*5355.95*3825.68*0*12*CLAIMREF001*11~
CLM*MMC2024000036*5355.95***22:B:1*Y*A*Y*I~
NM1*82*1*CHEN*LISA***XX*5678901234~
NM1*77*2*MIDWEST GENERAL HOSPITAL****XX*1111111111~
CAS*CO*45*1530.27~
SVC*HC:27130*5355.95*3825.68**1~
DTM*472*20241224~
CLP*MMC2024001043*1*135.46*96.76*0*12*CLAIMREF001*11~
CLM*MMC2024001043*135.46***19:B:1*Y*A*Y*I~
NM1*82*1*WILLIAMS*JAMES***XX*4567890123~
NM1*77*2*ST LUKE OUTPATIENT****XX*7777777777~
CAS*CO*45*38.70~
SVC*HC:99232*135.46*96.76**1~
DTM*472*20241228~
CLP*MMC2024001069*1*144.20*103.00*0*12*CLAIMREF001*11~
CLM*MMC2024001069*144.20***11:B:1*Y*A*Y*I~
NM1*82*1*THOMPSON*MICHAEL***XX*6789012345~
NM1*77*2*ADVANCED IMAGING CENTER****XX*2222222222~
CAS*CO*45*41.20~
SVC*HC:99232*144.20*103.00**1~
DTM*472*20241220~
CLP*MMC2024000868*1*32.77*23.41*0*12*CLAIMREF001*11~
CLM*MMC2024000868*32.77***24:B:1*Y*A*Y*I~
NM1*82*1*CHEN*LISA***XX*5678901234~
NM1*77*2*NORTHWEST SURGICAL ASC****XX*6666666666~
CAS*CO*45*9.36~
SVC*HC:93000*32.77*23.41**1~
DTM*472*20241212~
CLP*MMC2024000066*1*416.57*297.55*0*12*CLAIMREF001*11~
CLM*MMC2024000066*416.57***22:B:1*Y*A*Y*I~
NM1*82*1*PATEL*RAJ***XX*3456789012~
NM1*77*2*MIDWEST GENERAL HOSPITAL****XX*1111111111~
CAS*CO*45*119.02~
SVC*HC:75571*416.57*297.55**1~
DTM*472*20241212~
CLP*MMC2024000827*1*15.60*11.14*0*12*CLAIMREF001*11~
CLM*MMC2024000827*15.60***11:B:1*Y*A*Y*I~
NM1*82*1*WILLIAMS*JAMES***XX*4567890123~
NM1*77*2*COMMUNITY IMAGING LLC****XX*5555555555~
CAS*CO*45*4.46~
SVC*HC:85025*15.60*11.14**1~
DTM*472*20241220~
CLP*MMC2024000610*1*21.17*15.12*0*12*CLAIMREF001*11~
CLM*MMC2024000610*21.17***11:B:1*Y*A*Y*I~
NM1*82*1*PATEL*RAJ***XX*3456789012~
NM1*77*2*ADVANCED IMAGING CENTER****XX*2222222222~
CAS*CO*45*6.05~
SVC*HC:80053*21.17*15.12**1~
DTM*472*20241212~
CLP*MMC2024000424*1*268.46*191.76*0*12*CLAIMREF001*11~
CLM*MMC2024000424*268.46***22:B:1*Y*A*Y*I~
NM1*82*1*MARTINEZ*CARLOS***XX*1234567890~
NM1*77*2*MIDWEST GENERAL HOSPITAL****XX*1111111111~
CAS*CO*45*76.70~
SVC*HC:99214*268.46*191.76**1~
DTM*472*20241211~
CLP*MMC2024000102*1*261.66*186.90*0*12*CLAIMREF001*11~
CLM*MMC2024000102*261.66***24:B:1*Y*A*Y*I~
NM1*82*1*GARCIA*MARIA***XX*7890123456~
NM1*77*2*NORTHWEST SURGICAL ASC****XX*6666666666~
CAS*CO*45*74.76~
SVC*HC:20610*261.66*186.90**1~
DTM*472*20241213~
CLP*MMC2024000051*1*587.57*419.69*0*12*CLAIMREF001*11~
CLM*MMC2024000051*587.57***19:B:1*Y*A*Y*I~
NM1*82*1*WILLIAMS*JAMES***XX*4567890123~
NM1*77*2*ST LUKE OUTPATIENT****XX*7777777777~
CAS*CO*45*167.88~
SVC*HC:93306*587.57*419.69**1~
DTM*472*20241210~
CLP*MMC2024000381*1*276.85*197.75*0*12*CLAIMREF001*11~
CLM*MMC2024000381*276.85***22:B:1*Y*A*Y*I~
NM1*82*1*THOMPSON*MICHAEL***XX*6789012345~
NM1*77*2*MIDWEST GENERAL HOSPITAL****XX*1111111111~
CAS*CO*45*79.10~
SVC*HC:99214*276.85*197.75**1~
DTM*472*20241211~
CLP*MMC2024000714*1*22.51*16.08*0*12*CLAIMREF001*11~
CLM*MMC2024000714*22.51***11:B:1*Y*A*Y*I~
NM1*82*1*PATEL*RAJ***XX*3456789012~
NM1*77*2*COMMUNITY IMAGING LLC****XX*5555555555~
CAS*CO*45*6.43~
SVC*HC:80053*22.51*16.08**1~
DTM*472*20241217~
CLP*MMC2024001042*1*142.90*102.07*0*12*CLAIMREF001*11~
CLM*MMC2024001042*142.90***22:B:1*Y*A*Y*I~
NM1*82*1*PATEL*RAJ***XX*3456789012~
NM1*77*2*REGIONAL MEDICAL CENTER****XX*4444444444~
CAS*CO*45*40.83~
SVC*HC:99232*142.90*102.07**1~
DTM*472*20241210~
CLP*MMC2024000357*1*286.86*204.90*0*12*CLAIMREF001*11~
CLM*MMC2024000357*286.86***22:B:1*Y*A*Y*I~
NM1*82*1*THOMPSON*MICHAEL***XX*6789012345~
NM1*77*2*MIDWEST GENERAL HOSPITAL****XX*1111111111~
CAS*CO*45*81.96~
SVC*HC:99214*286.86*204.90**1~
DTM*472*20241209~
CLP*MMC2024000301*1*188.30*134.50*0*12*CLAIMREF001*11~
CLM*MMC2024000301*188.30***19:B:1*Y*A*Y*I~
NM1*82*1*THOMPSON*MICHAEL***XX*6789012345~
NM1*77*2*ST LUKE OUTPATIENT****XX*7777777777~
CAS*CO*45*53.80~
SVC*HC:99213*188.30*134.50**1~
DTM*472*20241221~
CLP*MMC2024000823*1*16.91*12.08*0*12*CLAIMREF001*11~
CLM*MMC2024000823*16.91***11:B:1*Y*A*Y*I~
NM1*82*1*ANDERSON*DAVID***XX*8901234567~
NM1*77*2*ADVANCED IMAGING CENTER****XX*2222222222~
CAS*CO*45*4.83~
SVC*HC:85025*16.91*12.08**1~
DTM*472*20241225~
CLP*MMC2024000491*1*339.22*242.30*0*12*CLAIMREF001*11~
CLM*MMC2024000491*339.22***24:B:1*Y*A*Y*I~
NM1*82*1*WILLIAMS*JAMES***XX*4567890123~
NM1*77*2*NORTHWEST SURGICAL ASC****XX*6666666666~
CAS*CO*45*96.92~
SVC*HC:99204*339.22*242.30**1~
DTM*472*20241203~
CLP*MMC2024001045*1*134.74*96.24*0*12*CLAIMREF001*11~
CLM*MMC2024001045*134.74***22:B:1*Y*A*Y*I~
NM1*82*1*THOMPSON*MICHAEL***XX*6789012345~
NM1*77*2*REGIONAL MEDICAL CENTER****XX*4444444444~
CAS*CO*45*38.50~
SVC*HC:99232*134.74*96.24**1~
DTM*472*20241224~
CLP*MMC2024000291*1*197.83*141.31*0*12*CLAIMREF001*11~
CLM*MMC2024000291*197.83***22:B:1*Y*A*Y*I~
NM1*82*1*WILLIAMS*JAMES***XX*4567890123~
NM1*77*2*REGIONAL MEDICAL CENTER****XX*4444444444~
CAS*CO*45*56.52~
SVC*HC:99213*197.83*141.31**1~
DTM*472*20241208~
CLP*MMC2024000936*1*18.87*13.48*0*12*CLAIMREF001*11~
CLM*MMC2024000936*18.87***11:B:1*Y*A*Y*I~
NM1*82*1*MARTINEZ*CARLOS***XX*1234567890~
NM1*77*2*ADVANCED IMAGING CENTER****XX*2222222222~
CAS*CO*45*5.39~
SVC*HC:36415*18.87*13.48**1~
DTM*472*20241207~
CLP*MMC2024000519*1*331.00*236.43*0*12*CLAIMREF001*11~
CLM*MMC2024000519*331.00***19:B:1*Y*A*Y*I~
NM1*82*1*ANDERSON*DAVID***XX*8901234567~
NM1*77*2*ST LUKE OUTPATIENT****XX*7777777777~
CAS*CO*45*94.57~
SVC*HC:99204*331.00*236.43**1~
DTM*472*20241202~
CLP*MMC2024001083*1*142.73*101.95*0*12*CLAIMREF001*11~
CLM*MMC2024001083*142.73***24:B:1*Y*A*Y*I~
NM1*82*1*WILLIAMS*JAMES***XX*4567890123~
NM1*77*2*NORTHWEST SURGICAL ASC****XX*6666666666~
CAS*CO*45*40.78~
SVC*HC:99232*142.73*101.95**1~
DTM*472*20241222~
CLP*MMC2024000130*1*192.07*137.19*0*12*CLAIMREF001*11~
CLM*MMC2024000130*192.07***22:B:1*Y*A*Y*I~
NM1*82*1*PATEL*RAJ***XX*3456789012~
NM1*77*2*MIDWEST GENERAL HOSPITAL****XX*1111111111~
CAS*CO*45*54.88~
SVC*HC:99213*192.07*137.19**1~
DTM*472*20241205~
CLP*MMC2024000696*1*22.40*16.00*0*12*CLAIMREF001*11~
CLM*MMC2024000696*22.40***11:B:1*Y*A*Y*I~
NM1*82*1*MARTINEZ*CARLOS***XX*1234567890~
NM1*77*2*COMMUNITY IMAGING LLC****XX*5555555555~
CAS*CO*45*6.40~
SVC*HC:80053*22.40*16.00**1~
DTM*472*20241208~
CLP*MMC2024000483*1*334.95*239.25*0*12*CLAIMREF001*11~
CLM*MMC2024000483*334.95***19:B:1*Y*A*Y*I~
NM1*82*1*WILLIAMS*JAMES***XX*4567890123~
NM1*77*2*ST LUKE OUTPATIENT****XX*7777777777~
CAS*CO*45*95.70~
SVC*HC:99204*334.95*239.25**1~
DTM*472*20241228~
CLP*MMC2024000083*1*890.32*635.94*0*12*CLAIMREF001*11~
CLM*MMC2024000083*890.32***11:B:1*Y*A*Y*I~
NM1*82*1*WILLIAMS*JAMES***XX*4567890123~
NM1*77*2*COMMUNITY IMAGING LLC****XX*5555555555~
CAS*CO*45*254.38~
SVC*HC:75574*890.32*635.94**1~
DTM*472*20241228~
CLP*MMC2024000327*1*286.30*204.50*0*12*CLAIMREF001*11~
CLM*MMC2024000327*286.30***24:B:1*Y*A*Y*I~
NM1*82*1*ANDERSON*DAVID***XX*8901234567~
NM1*77*2*ORTHO SURGICAL CENTER****XX*3333333333~
CAS*CO*45*81.80~
SVC*HC:99214*286.30*204.50**1~
DTM*472*20241228~
CLP*MMC2024000825*1*16.66*11.90*0*12*CLAIMREF001*11~
CLM*MMC2024000825*16.66***11:B:1*Y*A*Y*I~
NM1*82*1*JOHNSON*SARAH***XX*2345678901~
NM1*77*2*ADVANCED IMAGING CENTER****XX*2222222222~
CAS*CO*45*4.76~
SVC*HC:85025*16.66*11.90**1~
DTM*472*20241220~
CLP*MMC2024000739*1*16.88*12.06*0*12*CLAIMREF001*11~
CLM*MMC2024000739*16.88***11:B:1*Y*A*Y*I~
NM1*82*1*WILLIAMS*JAMES***XX*4567890123~
NM1*77*2*COMMUNITY IMAGING LLC****XX*5555555555~
CAS*CO*45*4.82~
SVC*HC:85025*16.88*12.06**1~
DTM*472*20241219~
CLP*MMC2024000645*1*23.21*16.58*0*12*CLAIMREF001*11~
CLM*MMC2024000645*23.21***22:B:1*Y*A*Y*I~
NM1*82*1*THOMPSON*MICHAEL***XX*6789012345~
NM1*77*2*MIDWEST GENERAL HOSPITAL****XX*1111111111~
CAS*CO*45*6.63~
SVC*HC:80053*23.21*16.58**1~
DTM*472*20241214~
CLP*MMC2024000177*1*201.29*143.78*0*12*CLAIMREF001*11~
CLM*MMC2024000177*201.29***19:B:1*Y*A*Y*I~
NM1*82*1*JOHNSON*SARAH***XX*2345678901~
NM1*77*2*ST LUKE OUTPATIENT****XX*7777777777~
CAS*CO*45*57.51~
SVC*HC:99213*201.29*143.78**1~
DTM*472*20241215~
CLP*MMC2024000995*1*18.48*13.20*0*12*CLAIMREF001*11~
CLM*MMC2024000995*18.48***11:B:1*Y*A*Y*I~
NM1*82*1*WILLIAMS*JAMES***XX*4567890123~
NM1*77*2*COMMUNITY IMAGING LLC****XX*5555555555~
CAS*CO*45*5.28~
SVC*HC:36415*18.48*13.20**1~
DTM*472*20241223~
CLP*MMC2024000891*1*33.32*23.80*0*12*CLAIMREF001*11~
CLM*MMC2024000891*33.32***11:B:1*Y*A*Y*I~
NM1*82*1*WILLIAMS*JAMES***XX*4567890123~
NM1*77*2*ADVANCED IMAGING CENTER****XX*2222222222~
CAS*CO*45*9.52~
SVC*HC:93000*33.32*23.80**1~
DTM*472*20241218~
CLP*MMC2024000044*1*549.43*392.45*0*12*CLAIMREF001*11~
CLM*MMC2024000044*549.43***22:B:1*Y*A*Y*I~
NM1*82*1*CHEN*LISA***XX*5678901234~
NM1*77*2*MIDWEST GENERAL HOSPITAL****XX*1111111111~
CAS*CO*45*156.98~
SVC*HC:93306*549.43*392.45**1~
DTM*472*20241215~
CLP*MMC2024000598*1*450.17*321.55*0*12*CLAIMREF001*11~
CLM*MMC2024000598*450.17***22:B:1*Y*A*Y*I~
NM1*82*1*GARCIA*MARIA***XX*7890123456~
NM1*77*2*MIDWEST GENERAL HOSPITAL****XX*1111111111~
CAS*CO*45*128.62~
SVC*HC:99205*450.17*321.55**1~
DTM*472*20241202~
CLP*MMC2024000546*1*445.80*318.43*0*12*CLAIMREF001*11~
CLM*MMC2024000546*445.80***19:B:1*Y*A*Y*I~
NM1*82*1*PATEL*RAJ***XX*3456789012~
NM1*77*2*ST LUKE OUTPATIENT****XX*7777777777~
CAS*CO*45*127.37~
SVC*HC:99205*445.80*318.43**1~
DTM*472*20241212~
CLP*MMC2024001060*1*144.89*103.49*0*12*CLAIMREF001*11~
CLM*MMC2024001060*144.89***19:B:1*Y*A*Y*I~
NM1*82*1*CHEN*LISA***XX*5678901234~
NM1*77*2*ST LUKE OUTPATIENT****XX*7777777777~
CAS*CO*45*41.40~
SVC*HC:99232*144.89*103.49**1~
DTM*472*20241219~
CLP*MMC2024000503*1*330.18*235.84*0*12*CLAIMREF001*11~
CLM*MMC2024000503*330.18***19:B:1*Y*A*Y*I~
NM1*82*1*ANDERSON*DAVID***XX*8901234567~
NM1*77*2*ST LUKE OUTPATIENT****XX*7777777777~
CAS*CO*45*94.34~
SVC*HC:99204*330.18*235.84**1~
DTM*472*20241220~
CLP*MMC2024000573*1*483.34*345.24*0*12*CLAIMREF001*11~
CLM*MMC2024000573*483.34***24:B:1*Y*A*Y*I~
NM1*82*1*THOMPSON*MICHAEL***XX*6789012345~
NM1*77*2*NORTHWEST SURGICAL ASC****XX*6666666666~
CAS*CO*45*138.10~
SVC*HC:99205*483.34*345.24**1~
DTM*472*20241217~
CLP*MMC2024000674*1*22.58*16.13*0*12*CLAIMREF001*11~
CLM*MMC2024000674*22.58***11:B:1*Y*A*Y*I~
NM1*82*1*PATEL*RAJ***XX*3456789012~
NM1*77*2*COMMUNITY IMAGING LLC****XX*5555555555~
CAS*CO*45*6.45~
SVC*HC:80053*22.58*16.13**1~
DTM*472*20241203~
CLP*MMC2024000022*1*716.35*511.68*0*12*CLAIMREF001*11~
CLM*MMC2024000022*716.35***11:B:1*Y*A*Y*I~
NM1*82*1*GARCIA*MARIA***XX*7890123456~
NM1*77*2*COMMUNITY IMAGING LLC****XX*5555555555~
CAS*CO*45*204.67~
SVC*HC:73721*716.35*511.68**1~
DTM*472*20241214~
CLP*MMC2024000554*1*481.04*343.60*0*12*CLAIMREF001*11~
CLM*MMC2024000554*481.04***19:B:1*Y*A*Y*I~
NM1*82*1*PATEL*RAJ***XX*3456789012~
NM1*77*2*ST LUKE OUTPATIENT****XX*7777777777~
CAS*CO*45*137.44~
SVC*HC:99205*481.04*343.60**1~
DTM*472*20241207~
CLP*MMC2024001074*1*135.07*96.48*0*12*CLAIMREF001*11~
CLM*MMC2024001074*135.07***19:B:1*Y*A*Y*I~
NM1*82*1*PATEL*RAJ***XX*3456789012~
NM1*77*2*ST LUKE OUTPATIENT****XX*7777777777~
CAS*CO*45*38.59~
SVC*HC:99232*135.07*96.48**1~
DTM*472*20241210~
CLP*MMC2024000706*1*22.95*16.39*0*12*CLAIMREF001*11~
CLM*MMC2024000706*22.95***11:B:1*Y*A*Y*I~
NM1*82*1*PATEL*RAJ***XX*3456789012~
NM1*77*2*ADVANCED IMAGING CENTER****XX*2222222222~
CAS*CO*45*6.56~
SVC*HC:80053*22.95*16.39**1~
DTM*472*20241202~
CLP*MMC2024000284*1*198.30*141.64*0*12*CLAIMREF001*11~
CLM*MMC2024000284*198.30***11:B:1*Y*A*Y*I~
NM1*82*1*CHEN*LISA***XX*5678901234~
NM1*77*2*ADVANCED IMAGING CENTER****XX*2222222222~
CAS*CO*45*56.66~
SVC*HC:99213*198.30*141.64**1~
DTM*472*20241203~
CLP*MMC2024000513*1*328.69*234.78*0*12*CLAIMREF001*11~
CLM*MMC2024000513*328.69***24:B:1*Y*A*Y*I~
NM1*82*1*JOHNSON*SARAH***XX*2345678901~
NM1*77*2*ORTHO SURGICAL CENTER****XX*3333333333~
CAS*CO*45*93.91~
SVC*HC:99204*328.69*234.78**1~
DTM*472*20241224~
CLP*MMC2024001037*1*139.75*99.82*0*12*CLAIMREF001*11~
CLM*MMC2024001037*139.75***11:B:1*Y*A*Y*I~
NM1*82*1*THOMPSON*MICHAEL***XX*6789012345~
NM1*77*2*ADVANCED IMAGING CENTER****XX*2222222222~
CAS*CO*45*39.93~
SVC*HC:99283*139.75*99.82**1~
DTM*472*20241220~
CLP*MMC2024000758*1*15.81*11.29*0*12*CLAIMREF001*11~
CLM*MMC2024000758*15.81***11:B:1*Y*A*Y*I~
NM1*82*1*GARCIA*MARIA***XX*7890123456~
NM1*77*2*COMMUNITY IMAGING LLC****XX*5555555555~
CAS*CO*45*4.52~
SVC*HC:85025*15.81*11.29**1~
DTM*472*20241204~
CLP*MMC2024000074*1*633.15*452.25*0*12*CLAIMREF001*11~
CLM*MMC2024000074*633.15***24:B:1*Y*A*Y*I~
NM1*82*1*PATEL*RAJ***XX*3456789012~
NM1*77*2*NORTHWEST SURGICAL ASC****XX*6666666666~
CAS*CO*45*180.90~
SVC*HC:93350*633.15*452.25**1~
DTM*472*20241227~
CLP*MMC2024000325*1*273.48*195.34*0*12*CLAIMREF001*11~
CLM*MMC2024000325*273.48***11:B:1*Y*A*Y*I~
NM1*82*1*THOMPSON*MICHAEL***XX*6789012345~
NM1*77*2*COMMUNITY IMAGING LLC****XX*5555555555~
CAS*CO*45*78.14~
SVC*HC:99214*273.48*195.34**1~
DTM*472*20241226~
CLP*MMC2024000457*1*346.91*247.79*0*12*CLAIMREF001*11~
CLM*MMC2024000457*346.91***11:B:1*Y*A*Y*I~
NM1*82*1*JOHNSON*SARAH***XX*2345678901~
NM1*77*2*COMMUNITY IMAGING LLC****XX*5555555555~
CAS*CO*45*99.12~
SVC*HC:99204*346.91*247.79**1~
DTM*472*20241203~
CLP*MMC2024000280*1*204.36*145.97*0*12*CLAIMREF001*11~
CLM*MMC2024000280*204.36***11:B:1*Y*A*Y*I~
NM1*82*1*MARTINEZ*CARLOS***XX*1234567890~
NM1*77*2*COMMUNITY IMAGING LLC****XX*5555555555~
CAS*CO*45*58.39~
SVC*HC:99213*204.36*145.97**1~
DTM*472*20241228~
CLP*MMC2024000636*1*21.34*15.24*0*12*CLAIMREF001*11~
CLM*MMC2024000636*21.34***11:B:1*Y*A*Y*I~
NM1*82*1*CHEN*LISA***XX*5678901234~
NM1*77*2*COMMUNITY IMAGING LLC****XX*5555555555~
CAS*CO*45*6.10~
SVC*HC:80053*21.34*15.24**1~
DTM*472*20241213~
CLP*MMC2024000070*1*7681.17*5486.55*0*12*CLAIMREF001*11~
CLM*MMC2024000070*7681.17***22:B:1*Y*A*Y*I~
NM1*82*1*GARCIA*MARIA***XX*7890123456~
NM1*77*2*MIDWEST GENERAL HOSPITAL****XX*1111111111~
CAS*CO*45*2194.62~
SVC*HC:22551*7681.17*5486.55**1~
DTM*472*20241205~
CLP*MMC2024000484*1*339.12*242.23*0*12*CLAIMREF001*11~
CLM*MMC2024000484*339.12***22:B:1*Y*A*Y*I~
NM1*82*1*CHEN*LISA***XX*5678901234~
NM1*77*2*MIDWEST GENERAL HOSPITAL****XX*1111111111~
CAS*CO*45*96.89~
SVC*HC:99204*339.12*242.23**1~
DTM*472*20241223~
CLP*MMC2024000687*1*21.11*15.08*0*12*CLAIMREF001*11~
CLM*MMC2024000687*21.11***11:B:1*Y*A*Y*I~
NM1*82*1*ANDERSON*DAVID***XX*8901234567~
NM1*77*2*COMMUNITY IMAGING LLC****XX*5555555555~
CAS*CO*45*6.03~
SVC*HC:80053*21.11*15.08**1~
DTM*472*20241218~
CLP*MMC2024000697*1*21.74*15.53*0*12*CLAIMREF001*11~
CLM*MMC2024000697*21.74***11:B:1*Y*A*Y*I~
NM1*82*1*JOHNSON*SARAH***XX*2345678901~
NM1*77*2*ADVANCED IMAGING CENTER****XX*2222222222~
CAS*CO*45*6.21~
SVC*HC:80053*21.74*15.53**1~
DTM*472*20241214~
CLP*MMC2024000243*1*192.30*137.36*0*12*CLAIMREF001*11~
CLM*MMC2024000243*192.30***11:B:1*Y*A*Y*I~
NM1*82*1*WILLIAMS*JAMES***XX*4567890123~
NM1*77*2*COMMUNITY IMAGING LLC****XX*5555555555~
CAS*CO*45*54.94~
SVC*HC:99213*192.30*137.36**1~
DTM*472*20241211~
CLP*MMC2024000016*1*1622.71*1159.08*0*12*CLAIMREF001*11~
CLM*MMC2024000016*1622.71***24:B:1*Y*A*Y*I~
NM1*82*1*MARTINEZ*CARLOS***XX*1234567890~
NM1*77*2*NORTHWEST SURGICAL ASC****XX*6666666666~
CAS*CO*45*463.63~
SVC*HC:29881*1622.71*1159.08**1~
DTM*472*20241224~
CLP*MMC2024000496*1*354.91*253.51*0*12*CLAIMREF001*11~
CLM*MMC2024000496*354.91***19:B:1*Y*A*Y*I~
NM1*82*1*MARTINEZ*CARLOS***XX*1234567890~
NM1*77*2*ST LUKE OUTPATIENT****XX*7777777777~
CAS*CO*45*101.40~
SVC*HC:99204*354.91*253.51**1~
DTM*472*20241215~
CLP*MMC2024000203*1*199.33*142.38*0*12*CLAIMREF001*11~
CLM*MMC2024000203*199.33***11:B:1*Y*A*Y*I~
NM1*82*1*WILLIAMS*JAMES***XX*4567890123~
NM1*77*2*ADVANCED IMAGING CENTER****XX*2222222222~
CAS*CO*45*56.95~
SVC*HC:99213*199.33*142.38**1~
DTM*472*20241209~
CLP*MMC2024000441*1*277.52*198.23*0*12*CLAIMREF001*11~
CLM*MMC2024000441*277.52***19:B:1*Y*A*Y*I~
NM1*82*1*JOHNSON*SARAH***XX*2345678901~
NM1*77*2*ST LUKE OUTPATIENT****XX*7777777777~
CAS*CO*45*79.29~
SVC*HC:99214*277.52*198.23**1~
DTM*472*20241215~
CLP*MMC2024000225*1*202.30*144.50*0*12*CLAIMREF001*11~
CLM*MMC2024000225*202.30***22:B:1*Y*A*Y*I~
NM1*82*1*JOHNSON*SARAH***XX*2345678901~
NM1*77*2*MIDWEST GENERAL HOSPITAL****XX*1111111111~
CAS*CO*45*57.80~
SVC*HC:99213*202.30*144.50**1~
DTM*472*20241222~
CLP*MMC2024000434*1*268.11*191.51*0*12*CLAIMREF001*11~
CLM*MMC2024000434*268.11***22:B:1*Y*A*Y*I~
NM1*82*1*PATEL*RAJ***XX*3456789012~
NM1*77*2*REGIONAL MEDICAL CENTER****XX*4444444444~
CAS*CO*45*76.60~
SVC*HC:99214*268.11*191.51**1~
DTM*472*20241207~
CLP*MMC2024000917*1*18.06*12.90*0*12*CLAIMREF001*11~
CLM*MMC2024000917*18.06***22:B:1*Y*A*Y*I~
NM1*82*1*THOMPSON*MICHAEL***XX*6789012345~
NM1*77*2*MIDWEST GENERAL HOSPITAL****XX*1111111111~
CAS*CO*45*5.16~
SVC*HC:36415*18.06*12.90**1~
DTM*472*20241224~
CLP*MMC2024000311*1*292.54*208.96*0*12*CLAIMREF001*11~
CLM*MMC2024000311*292.54***24:B:1*Y*A*Y*I~
NM1*82*1*ANDERSON*DAVID***XX*8901234567~
NM1*77*2*NORTHWEST SURGICAL ASC****XX*6666666666~
CAS*CO*45*83.58~
SVC*HC:99214*292.54*208.96**1~
DTM*472*20241209~
CLP*MMC2024000951*1*17.46*12.47*0*12*CLAIMREF001*11~
CLM*MMC2024000951*17.46***11:B:1*Y*A*Y*I~
NM1*82*1*ANDERSON*DAVID***XX*8901234567~
NM1*77*2*ADVANCED IMAGING CENTER****XX*2222222222~
CAS*CO*45*4.99~
SVC*HC:36415*17.46*12.47**1~
DTM*472*20241221~
CLP*MMC2024000392*1*281.37*200.98*0*12*CLAIMREF001*11~
CLM*MMC2024000392*281.37***24:B:1*Y*A*Y*I~
NM1*82*1*MARTINEZ*CARLOS***XX*1234567890~
NM1*77*2*ORTHO SURGICAL CENTER****XX*3333333333~
CAS*CO*45*80.39~
SVC*HC:99214*281.37*200.98**1~
DTM*472*20241205~
CLP*MMC2024000881*1*33.12*23.66*0*12*CLAIMREF001*11~
CLM*MMC2024000881*33.12***24:B:1*Y*A*Y*I~
NM1*82*1*JOHNSON*SARAH***XX*2345678901~
NM1*77*2*NORTHWEST SURGICAL ASC****XX*6666666666~
CAS*CO*45*9.46~
SVC*HC:93000*33.12*23.66**1~
DTM*472*20241212~
CLP*MMC2024000848*1*31.33*22.38*0*12*CLAIMREF001*11~
CLM*MMC2024000848*31.33***22:B:1*Y*A*Y*I~
NM1*82*1*MARTINEZ*CARLOS***XX*1234567890~
NM1*77*2*REGIONAL MEDICAL CENTER****XX*4444444444~
CAS*CO*45*8.95~
SVC*HC:93000*31.33*22.38**1~
DTM*472*20241203~
CLP*MMC2024001022*1*147.36*105.26*0*12*CLAIMREF001*11~
CLM*MMC2024001022*147.36***11:B:1*Y*A*Y*I~
NM1*82*1*GARCIA*MARIA***XX*7890123456~
NM1*77*2*ADVANCED IMAGING CENTER****XX*2222222222~
CAS*CO*45*42.10~
SVC*HC:99283*147.36*105.26**1~
DTM*472*20241202~
CLP*MMC2024001004*1*142.59*101.85*0*12*CLAIMREF001*11~
CLM*MMC2024001004*142.59***22:B:1*Y*A*Y*I~
NM1*82*1*CHEN*LISA***XX*5678901234~
NM1*77*2*MIDWEST GENERAL HOSPITAL****XX*1111111111~
CAS*CO*45*40.74~
SVC*HC:99283*142.59*101.85**1~
DTM*472*20241210~
CLP*MMC2024000384*1*267.79*191.28*0*12*CLAIMREF001*11~
CLM*MMC2024000384*267.79***22:B:1*Y*A*Y*I~
NM1*82*1*MARTINEZ*CARLOS***XX*1234567890~
NM1*77*2*MIDWEST GENERAL HOSPITAL****XX*1111111111~
CAS*CO*45*76.51~
SVC*HC:99214*267.79*191.28**1~
DTM*472*20241203~
CLP*MMC2024000024*1*878.35*627.39*0*12*CLAIMREF001*11~
CLM*MMC2024000024*878.35***11:B:1*Y*A*Y*I~
NM1*82*1*MARTINEZ*CARLOS***XX*1234567890~
NM1*77*2*COMMUNITY IMAGING LLC****XX*5555555555~
CAS*CO*45*250.96~
SVC*HC:73721*878.35*627.39**1~
DTM*472*20241217~
CLP*MMC2024000300*1*198.86*142.04*0*12*CLAIMREF001*11~
CLM*MMC2024000300*198.86***19:B:1*Y*A*Y*I~
NM1*82*1*CHEN*LISA***XX*5678901234~
NM1*77*2*ST LUKE OUTPATIENT****XX*7777777777~
CAS*CO*45*56.82~
SVC*HC:99213*198.86*142.04**1~
DTM*472*20241219~
CLP*MMC2024000033*1*4031.12*2879.37*0*12*CLAIMREF001*11~
CLM*MMC2024000033*4031.12***22:B:1*Y*A*Y*I~
NM1*82*1*JOHNSON*SARAH***XX*2345678901~
NM1*77*2*MIDWEST GENERAL HOSPITAL****XX*1111111111~
CAS*CO*45*1151.75~
SVC*HC:73721*4031.12*2879.37**1~
DTM*472*20241201~
CLP*MMC2024000461*1*337.02*240.73*0*12*CLAIMREF001*11~
CLM*MMC2024000461*337.02***24:B:1*Y*A*Y*I~
NM1*82*1*THOMPSON*MICHAEL***XX*6789012345~
NM1*77*2*NORTHWEST SURGICAL ASC****XX*6666666666~
CAS*CO*45*96.29~
SVC*HC:99204*337.02*240.73**1~
DTM*472*20241205~
CLP*MMC2024000448*1*281.44*201.03*0*12*CLAIMREF001*11~
CLM*MMC2024000448*281.44***22:B:1*Y*A*Y*I~
NM1*82*1*MARTINEZ*CARLOS***XX*1234567890~
NM1*77*2*MIDWEST GENERAL HOSPITAL****XX*1111111111~
CAS*CO*45*80.41~
SVC*HC:99214*281.44*201.03**1~
DTM*472*20241215~
CLP*MMC2024000788*1*17.14*12.24*0*12*CLAIMREF001*11~
CLM*MMC2024000788*17.14***11:B:1*Y*A*Y*I~
NM1*82*1*CHEN*LISA***XX*5678901234~
NM1*77*2*COMMUNITY IMAGING LLC****XX*5555555555~
CAS*CO*45*4.90~
SVC*HC:85025*17.14*12.24**1~
DTM*472*20241214~
CLP*MMC2024000539*1*483.98*345.70*0*12*CLAIMREF001*11~
CLM*MMC2024000539*483.98***22:B:1*Y*A*Y*I~
NM1*82*1*WILLIAMS*JAMES***XX*4567890123~
NM1*77*2*MIDWEST GENERAL HOSPITAL****XX*1111111111~
CAS*CO*45*138.28~
SVC*HC:99205*483.98*345.70**1~
DTM*472*20241203~
CLP*MMC2024000774*1*16.11*11.51*0*12*CLAIMREF001*11~
CLM*MMC2024000774*16.11***19:B:1*Y*A*Y*I~
NM1*82*1*GARCIA*MARIA***XX*7890123456~
NM1*77*2*ST LUKE OUTPATIENT****XX*7777777777~
CAS*CO*45*4.60~
SVC*HC:85025*16.11*11.51**1~
DTM*472*20241212~
CLP*MMC2024000345*1*276.64*197.60*0*12*CLAIMREF001*11~
CLM*MMC2024000345*276.64***22:B:1*Y*A*Y*I~
NM1*82*1*JOHNSON*SARAH***XX*2345678901~
NM1*77*2*REGIONAL MEDICAL CENTER****XX*4444444444~
CAS*CO*45*79.04~
SVC*HC:99214*276.64*197.60**1~
DTM*472*20241202~
CLP*MMC2024001063*1*143.08*102.20*0*12*CLAIMREF001*11~
CLM*MMC2024001063*143.08***22:B:1*Y*A*Y*I~
NM1*82*1*ANDERSON*DAVID***XX*8901234567~
NM1*77*2*MIDWEST GENERAL HOSPITAL****XX*1111111111~
CAS*CO*45*40.88~
SVC*HC:99232*143.08*102.20**1~
DTM*472*20241210~
CLP*MMC2024000009*1*6757.65*4826.89*0*12*CLAIMREF001*11~
CLM*MMC2024000009*6757.65***22:B:1*Y*A*Y*I~
NM1*82*1*JOHNSON*SARAH***XX*2345678901~
NM1*77*2*MIDWEST GENERAL HOSPITAL****XX*1111111111~
CAS*CO*45*1930.76~
SVC*HC:29881*6757.65*4826.89**1~
DTM*472*20241202~
CLP*MMC2024000162*1*201.52*143.94*0*12*CLAIMREF001*11~
CLM*MMC2024000162*201.52***22:B:1*Y*A*Y*I~
NM1*82*1*PATEL*RAJ***XX*3456789012~
NM1*77*2*REGIONAL MEDICAL CENTER****XX*4444444444~
CAS*CO*45*57.58~
SVC*HC:99213*201.52*143.94**1~
DTM*472*20241204~
CLP*MMC2024000222*1*185.57*132.55*0*12*CLAIMREF001*11~
CLM*MMC2024000222*185.57***19:B:1*Y*A*Y*I~
NM1*82*1*GARCIA*MARIA***XX*7890123456~
NM1*77*2*ST LUKE OUTPATIENT****XX*7777777777~
CAS*CO*45*53.02~
SVC*HC:99213*185.57*132.55**1~
DTM*472*20241223~
CLP*MMC2024001049*1*138.29*98.78*0*12*CLAIMREF001*11~
CLM*MMC2024001049*138.29***11:B:1*Y*A*Y*I~
NM1*82*1*JOHNSON*SARAH***XX*2345678901~
NM1*77*2*COMMUNITY IMAGING LLC****XX*5555555555~
CAS*CO*45*39.51~
SVC*HC:99232*138.29*98.78**1~
DTM*472*20241227~
CLP*MMC2024000406*1*269.58*192.56*0*12*CLAIMREF001*11~
CLM*MMC2024000406*269.58***22:B:1*Y*A*Y*I~
NM1*82*1*GARCIA*MARIA***XX*7890123456~
NM1*77*2*MIDWEST GENERAL HOSPITAL****XX*1111111111~
CAS*CO*45*77.02~
SVC*HC:99214*269.58*192.56**1~
DTM*472*20241222~
CLP*MMC2024000870*1*30.81*22.01*0*12*CLAIMREF001*11~
CLM*MMC2024000870*30.81***22:B:1*Y*A*Y*I~
NM1*82*1*GARCIA*MARIA***XX*7890123456~
NM1*77*2*REGIONAL MEDICAL CENTER****XX*4444444444~
CAS*CO*45*8.80~
SVC*HC:93000*30.81*22.01**1~
DTM*472*20241221~
CLP*MMC2024000529*1*359.81*257.01*0*12*CLAIMREF001*11~
CLM*MMC2024000529*359.81***19:B:1*Y*A*Y*I~
NM1*82*1*JOHNSON*SARAH***XX*2345678901~
NM1*77*2*ST LUKE OUTPATIENT****XX*7777777777~
CAS*CO*45*102.80~
SVC*HC:99204*359.81*257.01**1~
DTM*472*20241223~
CLP*MMC2024000552*1*444.15*317.25*0*12*CLAIMREF001*11~
CLM*MMC2024000552*444.15***22:B:1*Y*A*Y*I~
NM1*82*1*MARTINEZ*CARLOS***XX*1234567890~
NM1*77*2*REGIONAL MEDICAL CENTER****XX*4444444444~
CAS*CO*45*126.90~
SVC*HC:99205*444.15*317.25**1~
DTM*472*20241223~
CLP*MMC2024000966*1*17.44*12.46*0*12*CLAIMREF001*11~
CLM*MMC2024000966*17.44***11:B:1*Y*A*Y*I~
NM1*82*1*GARCIA*MARIA***XX*7890123456~
NM1*77*2*ADVANCED IMAGING CENTER****XX*2222222222~
CAS*CO*45*4.98~
SVC*HC:36415*17.44*12.46**1~
DTM*472*20241219~
CLP*MMC2024000915*1*17.56*12.54*0*12*CLAIMREF001*11~
CLM*MMC2024000915*17.56***11:B:1*Y*A*Y*I~
NM1*82*1*WILLIAMS*JAMES***XX*4567890123~
NM1*77*2*COMMUNITY IMAGING LLC****XX*5555555555~
CAS*CO*45*5.02~
SVC*HC:36415*17.56*12.54**1~
DTM*472*20241207~
CLP*MMC2024000543*1*444.54*317.53*0*12*CLAIMREF001*11~
CLM*MMC2024000543*444.54***24:B:1*Y*A*Y*I~
NM1*82*1*ANDERSON*DAVID***XX*8901234567~
NM1*77*2*ORTHO SURGICAL CENTER****XX*3333333333~
CAS*CO*45*127.01~
SVC*HC:99205*444.54*317.53**1~
DTM*472*20241225~
CLP*MMC2024000601*1*480.38*343.13*0*12*CLAIMREF001*11~
CLM*MMC2024000601*480.38***11:B:1*Y*A*Y*I~
NM1*82*1*JOHNSON*SARAH***XX*2345678901~
NM1*77*2*COMMUNITY IMAGING LLC****XX*5555555555~
CAS*CO*45*137.25~
SVC*HC:99205*480.38*343.13**1~
DTM*472*20241219~
CLP*MMC2024000715*1*23.03*16.45*0*12*CLAIMREF001*11~
CLM*MMC2024000715*23.03***11:B:1*Y*A*Y*I~
NM1*82*1*WILLIAMS*JAMES***XX*4567890123~
NM1*77*2*COMMUNITY IMAGING LLC****XX*5555555555~
CAS*CO*45*6.58~
SVC*HC:80053*23.03*16.45**1~
DTM*472*20241225~
CLP*MMC2024000129*1*199.44*142.46*0*12*CLAIMREF001*11~
CLM*MMC2024000129*199.44***24:B:1*Y*A*Y*I~
NM1*82*1*JOHNSON*SARAH***XX*2345678901~
NM1*77*2*ORTHO SURGICAL CENTER****XX*3333333333~
CAS*CO*45*56.98~
SVC*HC:99213*199.44*142.46**1~
DTM*472*20241209~
CLP*MMC2024000838*1*16.76*11.97*0*12*CLAIMREF001*11~
CLM*MMC2024000838*16.76***11:B:1*Y*A*Y*I~
NM1*82*1*GARCIA*MARIA***XX*7890123456~
NM1*77*2*COMMUNITY IMAGING LLC****XX*5555555555~
CAS*CO*45*4.79~
SVC*HC:85025*16.76*11.97**1~
DTM*472*20241221~
CLP*MMC2024000028*1*909.26*649.47*0*12*CLAIMREF001*11~
CLM*MMC2024000028*909.26***11:B:1*Y*A*Y*I~
NM1*82*1*CHEN*LISA***XX*5678901234~
NM1*77*2*ADVANCED IMAGING CENTER****XX*2222222222~
CAS*CO*45*259.79~
SVC*HC:73721*909.26*649.47**1~
DTM*472*20241227~
CLP*MMC2024000993*1*18.02*12.87*0*12*CLAIMREF001*11~
CLM*MMC2024000993*18.02***22:B:1*Y*A*Y*I~
NM1*82*1*JOHNSON*SARAH***XX*2345678901~
NM1*77*2*MIDWEST GENERAL HOSPITAL****XX*1111111111~
CAS*CO*45*5.15~
SVC*HC:36415*18.02*12.87**1~
DTM*472*20241224~
CLP*MMC2024000045*1*580.89*414.92*0*12*CLAIMREF001*11~
CLM*MMC2024000045*580.89***22:B:1*Y*A*Y*I~
NM1*82*1*THOMPSON*MICHAEL***XX*6789012345~
NM1*77*2*MIDWEST GENERAL HOSPITAL****XX*1111111111~
CAS*CO*45*165.97~
SVC*HC:93306*580.89*414.92**1~
DTM*472*20241202~
CLP*MMC2024000934*1*18.05*12.89*0*12*CLAIMREF001*11~
CLM*MMC2024000934*18.05***11:B:1*Y*A*Y*I~
NM1*82*1*GARCIA*MARIA***XX*7890123456~
NM1*77*2*COMMUNITY IMAGING LLC****XX*5555555555~
CAS*CO*45*5.16~
SVC*HC:36415*18.05*12.89**1~
DTM*472*20241210~
CLP*MMC2024000664*1*21.87*15.62*0*12*CLAIMREF001*11~
CLM*MMC2024000664*21.87***11:B:1*Y*A*Y*I~
NM1*82*1*MARTINEZ*CARLOS***XX*1234567890~
NM1*77*2*ADVANCED IMAGING CENTER****XX*2222222222~
CAS*CO*45*6.25~
SVC*HC:80053*21.87*15.62**1~
DTM*472*20241215~
CLP*MMC2024000550*1*483.07*345.05*0*12*CLAIMREF001*11~
CLM*MMC2024000550*483.07***22:B:1*Y*A*Y*I~
NM1*82*1*GARCIA*MARIA***XX*7890123456~
NM1*77*2*MIDWEST GENERAL HOSPITAL****XX*1111111111~
CAS*CO*45*138.02~
SVC*HC:99205*483.07*345.05**1~
DTM*472*20241224~
CLP*MMC2024000236*1*191.80*137.00*0*12*CLAIMREF001*11~
CLM*MMC2024000236*191.80***22:B:1*Y*A*Y*I~
NM1*82*1*CHEN*LISA***XX*5678901234~
NM1*77*2*REGIONAL MEDICAL CENTER****XX*4444444444~
CAS*CO*45*54.80~
SVC*HC:99213*191.80*137.00**1~
DTM*472*20241201~
CLP*MMC2024000569*1*465.26*332.33*0*12*CLAIMREF001*11~
CLM*MMC2024000569*465.26***11:B:1*Y*A*Y*I~
NM1*82*1*JOHNSON*SARAH***XX*2345678901~
NM1*77*2*ADVANCED IMAGING CENTER****XX*2222222222~
CAS*CO*45*132.93~
SVC*HC:99205*465.26*332.33**1~
DTM*472*20241211~
CLP*MMC2024000834*1*16.53*11.81*0*12*CLAIMREF001*11~
CLM*MMC2024000834*16.53***11:B:1*Y*A*Y*I~
NM1*82*1*PATEL*RAJ***XX*3456789012~
NM1*77*2*COMMUNITY IMAGING LLC****XX*5555555555~
CAS*CO*45*4.72~
SVC*HC:85025*16.53*11.81**1~
DTM*472*20241215~
CLP*MMC2024000596*1*464.66*331.90*0*12*CLAIMREF001*11~
CLM*MMC2024000596*464.66***11:B:1*Y*A*Y*I~
NM1*82*1*CHEN*LISA***XX*5678901234~
NM1*77*2*COMMUNITY IMAGING LLC****XX*5555555555~
CAS*CO*45*132.76~
SVC*HC:99205*464.66*331.90**1~
DTM*472*20241208~
CLP*MMC2024000887*1*32.65*23.32*0*12*CLAIMREF001*11~
CLM*MMC2024000887*32.65***24:B:1*Y*A*Y*I~
NM1*82*1*ANDERSON*DAVID***XX*8901234567~
NM1*77*2*NORTHWEST SURGICAL ASC****XX*6666666666~
CAS*CO*45*9.33~
SVC*HC:93000*32.65*23.32**1~
DTM*472*20241214~
CLP*MMC2024000681*1*21.14*15.10*0*12*CLAIMREF001*11~
CLM*MMC2024000681*21.14***11:B:1*Y*A*Y*I~
NM1*82*1*JOHNSON*SARAH***XX*2345678901~
NM1*77*2*ADVANCED IMAGING CENTER****XX*2222222222~
CAS*CO*45*6.04~
SVC*HC:80053*21.14*15.10**1~
DTM*472*20241225~
CLP*MMC2024000332*1*284.03*202.88*0*12*CLAIMREF001*11~
CLM*MMC2024000332*284.03***22:B:1*Y*A*Y*I~
NM1*82*1*CHEN*LISA***XX*5678901234~
NM1*77*2*REGIONAL MEDICAL CENTER****XX*4444444444~
CAS*CO*45*81.15~
SVC*HC:99214*284.03*202.88**1~
DTM*472*20241219~
CLP*MMC2024000585*1*482.52*344.66*0*12*CLAIMREF001*11~
CLM*MMC2024000585*482.52***22:B:1*Y*A*Y*I~
NM1*82*1*JOHNSON*SARAH***XX*2345678901~
NM1*77*2*REGIONAL MEDICAL CENTER****XX*4444444444~
CAS*CO*45*137.86~
SVC*HC:99205*482.52*344.66**1~
DTM*472*20241221~
CLP*MMC2024000380*1*274.71*196.22*0*12*CLAIMREF001*11~
CLM*MMC2024000380*274.71***19:B:1*Y*A*Y*I~
NM1*82*1*CHEN*LISA***XX*5678901234~
NM1*77*2*ST LUKE OUTPATIENT****XX*7777777777~
CAS*CO*45*78.49~
SVC*HC:99214*274.71*196.22**1~
DTM*472*20241213~
CLP*MMC2024000360*1*283.70*202.64*0*12*CLAIMREF001*11~
CLM*MMC2024000360*283.70***22:B:1*Y*A*Y*I~
NM1*82*1*MARTINEZ*CARLOS***XX*1234567890~
NM1*77*2*MIDWEST GENERAL HOSPITAL****XX*1111111111~
CAS*CO*45*81.06~
SVC*HC:99214*283.70*202.64**1~
DTM*472*20241205~
CLP*MMC2024000699*1*22.57*16.12*0*12*CLAIMREF001*11~
CLM*MMC2024000699*22.57***11:B:1*Y*A*Y*I~
NM1*82*1*WILLIAMS*JAMES***XX*4567890123~
NM1*77*2*ADVANCED IMAGING CENTER****XX*2222222222~
CAS*CO*45*6.45~
SVC*HC:80053*22.57*16.12**1~
DTM*472*20241212~
CLP*MMC2024000684*1*21.25*15.18*0*12*CLAIMREF001*11~
CLM*MMC2024000684*21.25***22:B:1*Y*A*Y*I~
NM1*82*1*CHEN*LISA***XX*5678901234~
NM1*77*2*MIDWEST GENERAL HOSPITAL****XX*1111111111~
CAS*CO*45*6.07~
SVC*HC:80053*21.25*15.18**1~
DTM*472*20241221~
CLP*MMC2024000054*1*567.99*405.71*0*12*CLAIMREF001*11~
CLM*MMC2024000054*567.99***22:B:1*Y*A*Y*I~
NM1*82*1*GARCIA*MARIA***XX*7890123456~
NM1*77*2*MIDWEST GENERAL HOSPITAL****XX*1111111111~
CAS*CO*45*162.28~
SVC*HC:93306*567.99*405.71**1~
DTM*472*20241224~
CLP*MMC2024000218*1*204.26*145.90*0*12*CLAIMREF001*11~
CLM*MMC2024000218*204.26***22:B:1*Y*A*Y*I~
NM1*82*1*PATEL*RAJ***XX*3456789012~
NM1*77*2*MIDWEST GENERAL HOSPITAL****XX*1111111111~
CAS*CO*45*58.36~
SVC*HC:99213*204.26*145.90**1~
DTM*472*20241225~
CLP*MMC2024000791*1*16.30*11.64*0*12*CLAIMREF001*11~
CLM*MMC2024000791*16.30***11:B:1*Y*A*Y*I~
NM1*82*1*ANDERSON*DAVID***XX*8901234567~
NM1*77*2*COMMUNITY IMAGING LLC****XX*5555555555~
CAS*CO*45*4.66~
SVC*HC:85025*16.30*11.64**1~
DTM*472*20241224~
CLP*MMC2024000622*1*22.36*15.97*0*12*CLAIMREF001*11~
CLM*MMC2024000622*22.36***11:B:1*Y*A*Y*I~
NM1*82*1*GARCIA*MARIA***XX*7890123456~
NM1*77*2*ADVANCED IMAGING CENTER****XX*2222222222~
CAS*CO*45*6.39~
SVC*HC:80053*22.36*15.97**1~
DTM*472*20241220~
CLP*MMC2024000501*1*330.55*236.11*0*12*CLAIMREF001*11~
CLM*MMC2024000501*330.55***24:B:1*Y*A*Y*I~
NM1*82*1*THOMPSON*MICHAEL***XX*6789012345~
NM1*77*2*ORTHO SURGICAL CENTER****XX*3333333333~
CAS*CO*45*94.44~
SVC*HC:99204*330.55*236.11**1~
DTM*472*20241214~
CLP*MMC2024000323*1*279.26*199.47*0*12*CLAIMREF001*11~
CLM*MMC2024000323*279.26***22:B:1*Y*A*Y*I~
NM1*82*1*WILLIAMS*JAMES***XX*4567890123~
NM1*77*2*REGIONAL MEDICAL CENTER****XX*4444444444~
CAS*CO*45*79.79~
SVC*HC:99214*279.26*199.47**1~
DTM*472*20241227~
CLP*MMC2024000344*1*283.53*202.52*0*12*CLAIMREF001*11~
CLM*MMC2024000344*283.53***19:B:1*Y*A*Y*I~
NM1*82*1*MARTINEZ*CARLOS***XX*1234567890~
NM1*77*2*ST LUKE OUTPATIENT****XX*7777777777~
CAS*CO*45*81.01~
SVC*HC:99214*283.53*202.52**1~
DTM*472*20241220~
CLP*MMC2024000872*1*33.38*23.84*0*12*CLAIMREF001*11~
CLM*MMC2024000872*33.38***22:B:1*Y*A*Y*I~
NM1*82*1*MARTINEZ*CARLOS***XX*1234567890~
NM1*77*2*MIDWEST GENERAL HOSPITAL****XX*1111111111~
CAS*CO*45*9.54~
SVC*HC:93000*33.38*23.84**1~
DTM*472*20241228~
CLP*MMC2024000551*1*447.31*319.51*0*12*CLAIMREF001*11~
CLM*MMC2024000551*447.31***24:B:1*Y*A*Y*I~
NM1*82*1*ANDERSON*DAVID***XX*8901234567~
NM1*77*2*NORTHWEST SURGICAL ASC****XX*6666666666~
CAS*CO*45*127.80~
SVC*HC:99205*447.31*319.51**1~
DTM*472*20241218~
CLP*MMC2024000499*1*358.67*256.19*0*12*CLAIMREF001*11~
CLM*MMC2024000499*358.67***24:B:1*Y*A*Y*I~
NM1*82*1*WILLIAMS*JAMES***XX*4567890123~
NM1*77*2*NORTHWEST SURGICAL ASC****XX*6666666666~
CAS*CO*45*102.48~
SVC*HC:99204*358.67*256.19**1~
DTM*472*20241204~
CLP*MMC2024000004*1*4065.43*2903.88*0*12*CLAIMREF001*11~
CLM*MMC2024000004*4065.43***24:B:1*Y*A*Y*I~
NM1*82*1*CHEN*LISA***XX*5678901234~
NM1*77*2*NORTHWEST SURGICAL ASC****XX*6666666666~
CAS*CO*45*1161.55~
SVC*HC:27447*4065.43*2903.88**1~
DTM*472*20241201~
CLP*MMC2024000559*1*463.75*331.25*0*12*CLAIMREF001*11~
CLM*MMC2024000559*463.75***22:B:1*Y*A*Y*I~
NM1*82*1*ANDERSON*DAVID***XX*8901234567~
NM1*77*2*REGIONAL MEDICAL CENTER****XX*4444444444~
CAS*CO*45*132.50~
SVC*HC:99205*463.75*331.25**1~
DTM*472*20241228~
CLP*MMC2024000276*1*191.73*136.95*0*12*CLAIMREF001*11~
CLM*MMC2024000276*191.73***19:B:1*Y*A*Y*I~
NM1*82*1*CHEN*LISA***XX*5678901234~
NM1*77*2*ST LUKE OUTPATIENT****XX*7777777777~
CAS*CO*45*54.78~
SVC*HC:99213*191.73*136.95**1~
DTM*472*20241223~
CLP*MMC2024000396*1*277.23*198.02*0*12*CLAIMREF001*11~
CLM*MMC2024000396*277.23***22:B:1*Y*A*Y*I~
NM1*82*1*CHEN*LISA***XX*5678901234~
NM1*77*2*MIDWEST GENERAL HOSPITAL****XX*1111111111~
CAS*CO*45*79.21~
SVC*HC:99214*277.23*198.02**1~
DTM*472*20241220~
CLP*MMC2024000086*1*852.38*608.84*0*12*CLAIMREF001*11~
CLM*MMC2024000086*852.38***11:B:1*Y*A*Y*I~
NM1*82*1*GARCIA*MARIA***XX*7890123456~
NM1*77*2*COMMUNITY IMAGING LLC****XX*5555555555~
CAS*CO*45*243.54~
SVC*HC:75574*852.38*608.84**1~
DTM*472*20241228~
CLP*MMC2024000824*1*16.83*12.02*0*12*CLAIMREF001*11~
CLM*MMC2024000824*16.83***11:B:1*Y*A*Y*I~
NM1*82*1*MARTINEZ*CARLOS***XX*1234567890~
NM1*77*2*COMMUNITY IMAGING LLC****XX*5555555555~
CAS*CO*45*4.81~
SVC*HC:85025*16.83*12.02**1~
DTM*472*20241228~
CLP*MMC2024000043*1*559.13*399.38*0*12*CLAIMREF001*11~
CLM*MMC2024000043*559.13***22:B:1*Y*A*Y*I~
NM1*82*1*WILLIAMS*JAMES***XX*4567890123~
NM1*77*2*REGIONAL MEDICAL CENTER****XX*4444444444~
CAS*CO*45*159.75~
SVC*HC:93306*559.13*399.38**1~
DTM*472*20241215~
CLP*MMC2024000853*1*32.47*23.19*0*12*CLAIMREF001*11~
CLM*MMC2024000853*32.47***22:B:1*Y*A*Y*I~
NM1*82*1*THOMPSON*MICHAEL***XX*6789012345~
NM1*77*2*MIDWEST GENERAL HOSPITAL****XX*1111111111~
CAS*CO*45*9.28~
SVC*HC:93000*32.47*23.19**1~
DTM*472*20241201~
CLP*MMC2024000442*1*282.87*202.05*0*12*CLAIMREF001*11~
CLM*MMC2024000442*282.87***22:B:1*Y*A*Y*I~
NM1*82*1*PATEL*RAJ***XX*3456789012~
NM1*77*2*REGIONAL MEDICAL CENTER****XX*4444444444~
CAS*CO*45*80.82~
SVC*HC:99214*282.87*202.05**1~
DTM*472*20241219~
CLP*MMC2024000099*1*184.39*131.71*0*12*CLAIMREF001*11~
CLM*MMC2024000099*184.39***11:B:1*Y*A*Y*I~
NM1*82*1*WILLIAMS*JAMES***XX*4567890123~
NM1*77*2*COMMUNITY IMAGING LLC****XX*5555555555~
CAS*CO*45*52.68~
SVC*HC:20610*184.39*131.71**1~
DTM*472*20241222~
CLP*MMC2024000334*1*284.09*202.92*0*12*CLAIMREF001*11~
CLM*MMC2024000334*284.09***19:B:1*Y*A*Y*I~
NM1*82*1*GARCIA*MARIA***XX*7890123456~
NM1*77*2*ST LUKE OUTPATIENT****XX*7777777777~
CAS*CO*45*81.17~
SVC*HC:99214*284.09*202.92**1~
DTM*472*20241201~
CLP*MMC2024000152*1*201.81*144.15*0*12*CLAIMREF001*11~
CLM*MMC2024000152*201.81***19:B:1*Y*A*Y*I~
NM1*82*1*MARTINEZ*CARLOS***XX*1234567890~
NM1*77*2*ST LUKE OUTPATIENT****XX*7777777777~
CAS*CO*45*57.66~
SVC*HC:99213*201.81*144.15**1~
DTM*472*20241201~
CLP*MMC2024000927*1*17.64*12.60*0*12*CLAIMREF001*11~
CLM*MMC2024000927*17.64***22:B:1*Y*A*Y*I~
NM1*82*1*ANDERSON*DAVID***XX*8901234567~
NM1*77*2*MIDWEST GENERAL HOSPITAL****XX*1111111111~
CAS*CO*45*5.04~
SVC*HC:36415*17.64*12.60**1~
DTM*472*20241219~
CLP*MMC2024000250*1*195.57*139.69*0*12*CLAIMREF001*11~
CLM*MMC2024000250*195.57***22:B:1*Y*A*Y*I~
NM1*82*1*PATEL*RAJ***XX*3456789012~
NM1*77*2*MIDWEST GENERAL HOSPITAL****XX*1111111111~
CAS*CO*45*55.88~
SVC*HC:99213*195.57*139.69**1~
DTM*472*20241222~
CLP*MMC2024000450*1*282.13*201.52*0*12*CLAIMREF001*11~
CLM*MMC2024000450*282.13***11:B:1*Y*A*Y*I~
NM1*82*1*PATEL*RAJ***XX*3456789012~
NM1*77*2*ADVANCED IMAGING CENTER****XX*2222222222~
CAS*CO*45*80.61~
SVC*HC:99214*282.13*201.52**1~
DTM*472*20241202~
CLP*MMC2024000878*1*32.41*23.15*0*12*CLAIMREF001*11~
CLM*MMC2024000878*32.41***22:B:1*Y*A*Y*I~
NM1*82*1*GARCIA*MARIA***XX*7890123456~
NM1*77*2*MIDWEST GENERAL HOSPITAL****XX*1111111111~
CAS*CO*45*9.26~
SVC*HC:93000*32.41*23.15**1~
DTM*472*20241217~
CLP*MMC2024000412*1*283.86*202.76*0*12*CLAIMREF001*11~
CLM*MMC2024000412*283.86***22:B:1*Y*A*Y*I~
NM1*82*1*CHEN*LISA***XX*5678901234~
NM1*77*2*MIDWEST GENERAL HOSPITAL****XX*1111111111~
CAS*CO*45*81.10~
SVC*HC:99214*283.86*202.76**1~
DTM*472*20241208~
CLP*MMC2024000264*1*194.94*139.24*0*12*CLAIMREF001*11~
CLM*MMC2024000264*194.94***19:B:1*Y*A*Y*I~
NM1*82*1*MARTINEZ*CARLOS***XX*1234567890~
NM1*77*2*ST LUKE OUTPATIENT****XX*7777777777~
CAS*CO*45*55.70~
SVC*HC:99213*194.94*139.24**1~
DTM*472*20241208~
CLP*MMC2024000616*1*21.38*15.27*0*12*CLAIMREF001*11~
CLM*MMC2024000616*21.38***11:B:1*Y*A*Y*I~
NM1*82*1*MARTINEZ*CARLOS***XX*1234567890~
NM1*77*2*COMMUNITY IMAGING LLC****XX*5555555555~
CAS*CO*45*6.11~
SVC*HC:80053*21.38*15.27**1~
DTM*472*20241217~
CLP*MMC2024000723*1*22.67*16.19*0*12*CLAIMREF001*11~
CLM*MMC2024000723*22.67***11:B:1*Y*A*Y*I~
NM1*82*1*WILLIAMS*JAMES***XX*4567890123~
NM1*77*2*ADVANCED IMAGING CENTER****XX*2222222222~
CAS*CO*45*6.48~
SVC*HC:80053*22.67*16.19**1~
DTM*472*20241217~
CLP*MMC2024000421*1*265.76*189.83*0*12*CLAIMREF001*11~
CLM*MMC2024000421*265.76***22:B:1*Y*A*Y*I~
NM1*82*1*THOMPSON*MICHAEL***XX*6789012345~
NM1*77*2*MIDWEST GENERAL HOSPITAL****XX*1111111111~
CAS*CO*45*75.93~
SVC*HC:99214*265.76*189.83**1~
DTM*472*20241228~
CLP*MMC2024000265*1*194.43*138.88*0*12*CLAIMREF001*11~
CLM*MMC2024000265*194.43***11:B:1*Y*A*Y*I~
NM1*82*1*JOHNSON*SARAH***XX*2345678901~
NM1*77*2*ADVANCED IMAGING CENTER****XX*2222222222~
CAS*CO*45*55.55~
SVC*HC:99213*194.43*138.88**1~
DTM*472*20241213~
CLP*MMC2024000953*1*17.56*12.54*0*12*CLAIMREF001*11~
CLM*MMC2024000953*17.56***11:B:1*Y*A*Y*I~
NM1*82*1*JOHNSON*SARAH***XX*2345678901~
NM1*77*2*COMMUNITY IMAGING LLC****XX*5555555555~
CAS*CO*45*5.02~
SVC*HC:36415*17.56*12.54**1~
DTM*472*20241207~
CLP*MMC2024000145*1*204.67*146.19*0*12*CLAIMREF001*11~
CLM*MMC2024000145*204.67***22:B:1*Y*A*Y*I~
NM1*82*1*JOHNSON*SARAH***XX*2345678901~
NM1*77*2*MIDWEST GENERAL HOSPITAL****XX*1111111111~
CAS*CO*45*58.48~
SVC*HC:99213*204.67*146.19**1~
DTM*472*20241213~
CLP*MMC2024001065*1*143.40*102.43*0*12*CLAIMREF001*11~
CLM*MMC2024001065*143.40***24:B:1*Y*A*Y*I~
NM1*82*1*JOHNSON*SARAH***XX*2345678901~
NM1*77*2*ORTHO SURGICAL CENTER****XX*3333333333~
CAS*CO*45*40.97~
SVC*HC:99232*143.40*102.43**1~
DTM*472*20241228~
CLP*MMC2024000879*1*33.21*23.72*0*12*CLAIMREF001*11~
CLM*MMC2024000879*33.21***22:B:1*Y*A*Y*I~
NM1*82*1*ANDERSON*DAVID***XX*8901234567~
NM1*77*2*MIDWEST GENERAL HOSPITAL****XX*1111111111~
CAS*CO*45*9.49~
SVC*HC:93000*33.21*23.72**1~
DTM*472*20241212~
CLP*MMC2024001079*1*136.23*97.31*0*12*CLAIMREF001*11~
CLM*MMC2024001079*136.23***22:B:1*Y*A*Y*I~
NM1*82*1*ANDERSON*DAVID***XX*8901234567~
NM1*77*2*REGIONAL MEDICAL CENTER****XX*4444444444~
CAS*CO*45*38.92~
SVC*HC:99232*136.23*97.31**1~
DTM*472*20241221~
CLP*MMC2024000198*1*195.97*139.98*0*12*CLAIMREF001*11~
CLM*MMC2024000198*195.97***11:B:1*Y*A*Y*I~
NM1*82*1*GARCIA*MARIA***XX*7890123456~
NM1*77*2*ADVANCED IMAGING CENTER****XX*2222222222~
CAS*CO*45*55.99~
SVC*HC:99213*195.97*139.98**1~
DTM*472*20241207~
CLP*MMC2024000470*1*352.84*252.03*0*12*CLAIMREF001*11~
CLM*MMC2024000470*352.84***22:B:1*Y*A*Y*I~
NM1*82*1*GARCIA*MARIA***XX*7890123456~
NM1*77*2*MIDWEST GENERAL HOSPITAL****XX*1111111111~
CAS*CO*45*100.81~
SVC*HC:99204*352.84*252.03**1~
DTM*472*20241222~
CLP*MMC2024000597*1*460.26*328.76*0*12*CLAIMREF001*11~
CLM*MMC2024000597*460.26***22:B:1*Y*A*Y*I~
NM1*82*1*THOMPSON*MICHAEL***XX*6789012345~
NM1*77*2*REGIONAL MEDICAL CENTER****XX*4444444444~
CAS*CO*45*131.50~
SVC*HC:99205*460.26*328.76**1~
DTM*472*20241215~
CLP*MMC2024001000*1*18.44*13.17*0*12*CLAIMREF001*11~
CLM*MMC2024001000*18.44***22:B:1*Y*A*Y*I~
NM1*82*1*MARTINEZ*CARLOS***XX*1234567890~
NM1*77*2*MIDWEST GENERAL HOSPITAL****XX*1111111111~
CAS*CO*45*5.27~
SVC*HC:36415*18.44*13.17**1~
DTM*472*20241202~
CLP*MMC2024000515*1*346.36*247.40*0*12*CLAIMREF001*11~
CLM*MMC2024000515*346.36***11:B:1*Y*A*Y*I~
NM1*82*1*WILLIAMS*JAMES***XX*4567890123~
NM1*77*2*COMMUNITY IMAGING LLC****XX*5555555555~
CAS*CO*45*98.96~
SVC*HC:99204*346.36*247.40**1~
DTM*472*20241205~
CLP*MMC2024000652*1*21.08*15.06*0*12*CLAIMREF001*11~
CLM*MMC2024000652*21.08***11:B:1*Y*A*Y*I~
NM1*82*1*CHEN*LISA***XX*5678901234~
NM1*77*2*ADVANCED IMAGING CENTER****XX*2222222222~
CAS*CO*45*6.02~
SVC*HC:80053*21.08*15.06**1~
DTM*472*20241211~
CLP*MMC2024000507*1*340.68*243.34*0*12*CLAIMREF001*11~
CLM*MMC2024000507*340.68***22:B:1*Y*A*Y*I~
NM1*82*1*WILLIAMS*JAMES***XX*4567890123~
NM1*77*2*MIDWEST GENERAL HOSPITAL****XX*1111111111~
CAS*CO*45*97.34~
SVC*HC:99204*340.68*243.34**1~
DTM*472*20241217~
CLP*MMC2024000125*1*200.03*142.88*0*12*CLAIMREF001*11~
CLM*MMC2024000125*200.03***19:B:1*Y*A*Y*I~
NM1*82*1*THOMPSON*MICHAEL***XX*6789012345~
NM1*77*2*ST LUKE OUTPATIENT****XX*7777777777~
CAS*CO*45*57.15~
SVC*HC:99213*200.03*142.88**1~
DTM*472*20241215~
CLP*MMC2024000319*1*275.42*196.73*0*12*CLAIMREF001*11~
CLM*MMC2024000319*275.42***11:B:1*Y*A*Y*I~
NM1*82*1*ANDERSON*DAVID***XX*8901234567~
NM1*77*2*ADVANCED IMAGING CENTER****XX*2222222222~
CAS*CO*45*78.69~
SVC*HC:99214*275.42*196.73**1~
DTM*472*20241203~
CLP*MMC2024000315*1*283.01*202.15*0*12*CLAIMREF001*11~
CLM*MMC2024000315*283.01***22:B:1*Y*A*Y*I~
NM1*82*1*WILLIAMS*JAMES***XX*4567890123~
NM1*77*2*REGIONAL MEDICAL CENTER****XX*4444444444~
CAS*CO*45*80.86~
SVC*HC:99214*283.01*202.15**1~
DTM*472*20241222~
CLP*MMC2024000709*1*21.53*15.38*0*12*CLAIMREF001*11~
CLM*MMC2024000709*21.53***22:B:1*Y*A*Y*I~
NM1*82*1*THOMPSON*MICHAEL***XX*6789012345~
NM1*77*2*REGIONAL MEDICAL CENTER****XX*4444444444~
CAS*CO*45*6.15~
SVC*HC:80053*21.53*15.38**1~
DTM*472*20241201~
CLP*MMC2024000675*1*23.06*16.47*0*12*CLAIMREF001*11~
CLM*MMC2024000675*23.06***11:B:1*Y*A*Y*I~
NM1*82*1*WILLIAMS*JAMES***XX*4567890123~
NM1*77*2*ADVANCED IMAGING CENTER****XX*2222222222~
CAS*CO*45*6.59~
SVC*HC:80053*23.06*16.47**1~
DTM*472*20241215~
CLP*MMC2024001012*1*146.57*104.69*0*12*CLAIMREF001*11~
CLM*MMC2024001012*146.57***22:B:1*Y*A*Y*I~
NM1*82*1*CHEN*LISA***XX*5678901234~
NM1*77*2*MIDWEST GENERAL HOSPITAL****XX*1111111111~
CAS*CO*45*41.88~
SVC*HC:99283*146.57*104.69**1~
DTM*472*20241203~
CLP*MMC2024000523*1*345.02*246.44*0*12*CLAIMREF001*11~
CLM*MMC2024000523*345.02***22:B:1*Y*A*Y*I~
NM1*82*1*WILLIAMS*JAMES***XX*4567890123~
NM1*77*2*REGIONAL MEDICAL CENTER****XX*4444444444~
CAS*CO*45*98.58~
SVC*HC:99204*345.02*246.44**1~
DTM*472*20241202~
CLP*MMC2024000343*1*285.96*204.26*0*12*CLAIMREF001*11~
CLM*MMC2024000343*285.96***11:B:1*Y*A*Y*I~
NM1*82*1*ANDERSON*DAVID***XX*8901234567~
NM1*77*2*ADVANCED IMAGING CENTER****XX*2222222222~
CAS*CO*45*81.70~
SVC*HC:99214*285.96*204.26**1~
DTM*472*20241214~
CLP*MMC2024000059*1*399.24*285.17*0*12*CLAIMREF001*11~
CLM*MMC2024000059*399.24***11:B:1*Y*A*Y*I~
NM1*82*1*WILLIAMS*JAMES***XX*4567890123~
NM1*77*2*ADVANCED IMAGING CENTER****XX*2222222222~
CAS*CO*45*114.07~
SVC*HC:75571*399.24*285.17**1~
DTM*472*20241219~
CLP*MMC2024000617*1*22.08*15.77*0*12*CLAIMREF001*11~
CLM*MMC2024000617*22.08***11:B:1*Y*A*Y*I~
NM1*82*1*JOHNSON*SARAH***XX*2345678901~
NM1*77*2*ADVANCED IMAGING CENTER****XX*2222222222~
CAS*CO*45*6.31~
SVC*HC:80053*22.08*15.77**1~
DTM*472*20241211~
CLP*MMC2024000333*1*275.88*197.06*0*12*CLAIMREF001*11~
CLM*MMC2024000333*275.88***11:B:1*Y*A*Y*I~
NM1*82*1*THOMPSON*MICHAEL***XX*6789012345~
NM1*77*2*COMMUNITY IMAGING LLC****XX*5555555555~
CAS*CO*45*78.82~
SVC*HC:99214*275.88*197.06**1~
DTM*472*20241204~
CLP*MMC2024000623*1*22.12*15.80*0*12*CLAIMREF001*11~
CLM*MMC2024000623*22.12***22:B:1*Y*A*Y*I~
NM1*82*1*ANDERSON*DAVID***XX*8901234567~
NM1*77*2*MIDWEST GENERAL HOSPITAL****XX*1111111111~
CAS*CO*45*6.32~
SVC*HC:80053*22.12*15.80**1~
DTM*472*20241224~
CLP*MMC2024000753*1*16.76*11.97*0*12*CLAIMREF001*11~
CLM*MMC2024000753*16.76***11:B:1*Y*A*Y*I~
NM1*82*1*JOHNSON*SARAH***XX*2345678901~
NM1*77*2*ADVANCED IMAGING CENTER****XX*2222222222~
CAS*CO*45*4.79~
SVC*HC:85025*16.76*11.97**1~
DTM*472*20241223~
CLP*MMC2024000288*1*198.67*141.91*0*12*CLAIMREF001*11~
CLM*MMC2024000288*198.67***24:B:1*Y*A*Y*I~
NM1*82*1*MARTINEZ*CARLOS***XX*1234567890~
NM1*77*2*NORTHWEST SURGICAL ASC****XX*6666666666~
CAS*CO*45*56.76~
SVC*HC:99213*198.67*141.91**1~
DTM*472*20241211~
CLP*MMC2024000545*1*482.57*344.69*0*12*CLAIMREF001*11~
CLM*MMC2024000545*482.57***22:B:1*Y*A*Y*I~
NM1*82*1*JOHNSON*SARAH***XX*2345678901~
NM1*77*2*MIDWEST GENERAL HOSPITAL****XX*1111111111~
CAS*CO*45*137.88~
SVC*HC:99205*482.57*344.69**1~
DTM*472*20241220~
CLP*MMC2024000272*1*192.00*137.14*0*12*CLAIMREF001*11~
CLM*MMC2024000272*192.00***24:B:1*Y*A*Y*I~
NM1*82*1*MARTINEZ*CARLOS***XX*1234567890~
NM1*77*2*NORTHWEST SURGICAL ASC****XX*6666666666~
CAS*CO*45*54.86~
SVC*HC:99213*192.00*137.14**1~
DTM*472*20241215~
CLP*MMC2024000317*1*267.96*191.40*0*12*CLAIMREF001*11~
CLM*MMC2024000317*267.96***22:B:1*Y*A*Y*I~
NM1*82*1*THOMPSON*MICHAEL***XX*6789012345~
NM1*77*2*MIDWEST GENERAL HOSPITAL****XX*1111111111~
CAS*CO*45*76.56~
SVC*HC:99214*267.96*191.40**1~
DTM*472*20241210~
CLP*MMC2024000386*1*268.87*192.05*0*12*CLAIMREF001*11~
CLM*MMC2024000386*268.87***22:B:1*Y*A*Y*I~
NM1*82*1*PATEL*RAJ***XX*3456789012~
NM1*77*2*MIDWEST GENERAL HOSPITAL****XX*1111111111~
CAS*CO*45*76.82~
SVC*HC:99214*268.87*192.05**1~
DTM*472*20241219~
CLP*MMC2024000112*1*185.99*132.85*0*12*CLAIMREF001*11~
CLM*MMC2024000112*185.99***24:B:1*Y*A*Y*I~
NM1*82*1*MARTINEZ*CARLOS***XX*1234567890~
NM1*77*2*ORTHO SURGICAL CENTER****XX*3333333333~
CAS*CO*45*53.14~
SVC*HC:99213*185.99*132.85**1~
DTM*472*20241216~
CLP*MMC2024000151*1*200.20*143.00*0*12*CLAIMREF001*11~
CLM*MMC2024000151*200.20***24:B:1*Y*A*Y*I~
NM1*82*1*ANDERSON*DAVID***XX*8901234567~
NM1*77*2*NORTHWEST SURGICAL ASC****XX*6666666666~
CAS*CO*45*57.20~
SVC*HC:99213*200.20*143.00**1~
DTM*472*20241209~
CLP*MMC2024000185*1*199.21*142.29*0*12*CLAIMREF001*11~
CLM*MMC2024000185*199.21***22:B:1*Y*A*Y*I~
NM1*82*1*JOHNSON*SARAH***XX*2345678901~
NM1*77*2*REGIONAL MEDICAL CENTER****XX*4444444444~
CAS*CO*45*56.92~
SVC*HC:99213*199.21*142.29**1~
DTM*472*20241218~
CLP*MMC2024000954*1*18.56*13.26*0*12*CLAIMREF001*11~
CLM*MMC2024000954*18.56***11:B:1*Y*A*Y*I~
NM1*82*1*PATEL*RAJ***XX*3456789012~
NM1*77*2*ADVANCED IMAGING CENTER****XX*2222222222~
CAS*CO*45*5.30~
SVC*HC:36415*18.56*13.26**1~
DTM*472*20241221~
CLP*MMC2024000889*1*32.09*22.92*0*12*CLAIMREF001*11~
CLM*MMC2024000889*32.09***11:B:1*Y*A*Y*I~
NM1*82*1*JOHNSON*SARAH***XX*2345678901~
NM1*77*2*ADVANCED IMAGING CENTER****XX*2222222222~
CAS*CO*45*9.17~
SVC*HC:93000*32.09*22.92**1~
DTM*472*20241209~
CLP*MMC2024000801*1*16.93*12.09*0*12*CLAIMREF001*11~
CLM*MMC2024000801*16.93***11:B:1*Y*A*Y*I~
NM1*82*1*JOHNSON*SARAH***XX*2345678901~
NM1*77*2*COMMUNITY IMAGING LLC****XX*5555555555~
CAS*CO*45*4.84~
SVC*HC:85025*16.93*12.09**1~
DTM*472*20241207~
CLP*MMC2024000566*1*479.56*342.54*0*12*CLAIMREF001*11~
CLM*MMC2024000566*479.56***22:B:1*Y*A*Y*I~
NM1*82*1*GARCIA*MARIA***XX*7890123456~
NM1*77*2*MIDWEST GENERAL HOSPITAL****XX*1111111111~
CAS*CO*45*137.02~
SVC*HC:99205*479.56*342.54**1~
DTM*472*20241210~
CLP*MMC2024000453*1*272.16*194.40*0*12*CLAIMREF001*11~
CLM*MMC2024000453*272.16***19:B:1*Y*A*Y*I~
NM1*82*1*THOMPSON*MICHAEL***XX*6789012345~
NM1*77*2*ST LUKE OUTPATIENT****XX*7777777777~
CAS*CO*45*77.76~
SVC*HC:99214*272.16*194.40**1~
DTM*472*20241215~
CLP*MMC2024000837*1*17.05*12.18*0*12*CLAIMREF001*11~
CLM*MMC2024000837*17.05***11:B:1*Y*A*Y*I~
NM1*82*1*THOMPSON*MICHAEL***XX*6789012345~
NM1*77*2*ADVANCED IMAGING CENTER****XX*2222222222~
CAS*CO*45*4.87~
SVC*HC:85025*17.05*12.18**1~
DTM*472*20241228~
CLP*MMC2024000816*1*15.55*11.11*0*12*CLAIMREF001*11~
CLM*MMC2024000816*15.55***11:B:1*Y*A*Y*I~
NM1*82*1*MARTINEZ*CARLOS***XX*1234567890~
NM1*77*2*COMMUNITY IMAGING LLC****XX*5555555555~
CAS*CO*45*4.44~
SVC*HC:85025*15.55*11.11**1~
DTM*472*20241206~
CLP*MMC2024001075*1*140.95*100.68*0*12*CLAIMREF001*11~
CLM*MMC2024001075*140.95***24:B:1*Y*A*Y*I~
NM1*82*1*WILLIAMS*JAMES***XX*4567890123~
NM1*77*2*NORTHWEST SURGICAL ASC****XX*6666666666~
CAS*CO*45*40.27~
SVC*HC:99232*140.95*100.68**1~
DTM*472*20241219~
CLP*MMC2024000855*1*32.27*23.05*0*12*CLAIMREF001*11~
CLM*MMC2024000855*32.27***19:B:1*Y*A*Y*I~
NM1*82*1*ANDERSON*DAVID***XX*8901234567~
NM1*77*2*ST LUKE OUTPATIENT****XX*7777777777~
CAS*CO*45*9.22~
SVC*HC:93000*32.27*23.05**1~
DTM*472*20241201~
CLP*MMC2024000795*1*15.79*11.28*0*12*CLAIMREF001*11~
CLM*MMC2024000795*15.79***11:B:1*Y*A*Y*I~
NM1*82*1*WILLIAMS*JAMES***XX*4567890123~
NM1*77*2*COMMUNITY IMAGING LLC****XX*5555555555~
CAS*CO*45*4.51~
SVC*HC:85025*15.79*11.28**1~
DTM*472*20241215~
CLP*MMC2024000785*1*16.04*11.46*0*12*CLAIMREF001*11~
CLM*MMC2024000785*16.04***11:B:1*Y*A*Y*I~
NM1*82*1*JOHNSON*SARAH***XX*2345678901~
NM1*77*2*ADVANCED IMAGING CENTER****XX*2222222222~
CAS*CO*45*4.58~
SVC*HC:85025*16.04*11.46**1~
DTM*472*20241201~
CLP*MMC2024000846*1*31.82*22.73*0*12*CLAIMREF001*11~
CLM*MMC2024000846*31.82***24:B:1*Y*A*Y*I~
NM1*82*1*GARCIA*MARIA***XX*7890123456~
NM1*77*2*NORTHWEST SURGICAL ASC****XX*6666666666~
CAS*CO*45*9.09~
SVC*HC:93000*31.82*22.73**1~
DTM*472*20241207~
CLP*MMC2024000082*1*943.98*674.27*0*12*CLAIMREF001*11~
CLM*MMC2024000082*943.98***11:B:1*Y*A*Y*I~
NM1*82*1*PATEL*RAJ***XX*3456789012~
NM1*77*2*ADVANCED IMAGING CENTER****XX*2222222222~
CAS*CO*45*269.71~
SVC*HC:75574*943.98*674.27**1~
DTM*472*20241207~
CLP*MMC2024000894*1*31.15*22.25*0*12*CLAIMREF001*11~
CLM*MMC2024000894*31.15***24:B:1*Y*A*Y*I~
NM1*82*1*GARCIA*MARIA***XX*7890123456~
NM1*77*2*NORTHWEST SURGICAL ASC****XX*6666666666~
CAS*CO*45*8.90~
SVC*HC:93000*31.15*22.25**1~
DTM*472*20241204~
CLP*MMC2024000869*1*33.45*23.89*0*12*CLAIMREF001*11~
CLM*MMC2024000869*33.45***11:B:1*Y*A*Y*I~
NM1*82*1*THOMPSON*MICHAEL***XX*6789012345~
NM1*77*2*COMMUNITY IMAGING LLC****XX*5555555555~
CAS*CO*45*9.56~
SVC*HC:93000*33.45*23.89**1~
DTM*472*20241226~
CLP*MMC2024000035*1*5456.37*3897.41*0*12*CLAIMREF001*11~
CLM*MMC2024000035*5456.37***22:B:1*Y*A*Y*I~
NM1*82*1*WILLIAMS*JAMES***XX*4567890123~
NM1*77*2*MIDWEST GENERAL HOSPITAL****XX*1111111111~
CAS*CO*45*1558.96~
SVC*HC:27130*5456.37*3897.41**1~
DTM*472*20241209~
CLP*MMC2024000267*1*186.87*133.48*0*12*CLAIMREF001*11~
CLM*MMC2024000267*186.87***24:B:1*Y*A*Y*I~
NM1*82*1*WILLIAMS*JAMES***XX*4567890123~
NM1*77*2*NORTHWEST SURGICAL ASC****XX*6666666666~
CAS*CO*45*53.39~
SVC*HC:99213*186.87*133.48**1~
DTM*472*20241211~
CLP*MMC2024000095*1*235.00*167.86*0*12*CLAIMREF001*11~
CLM*MMC2024000095*235.00***24:B:1*Y*A*Y*I~
NM1*82*1*ANDERSON*DAVID***XX*8901234567~
NM1*77*2*NORTHWEST SURGICAL ASC****XX*6666666666~
CAS*CO*45*67.14~
SVC*HC:20610*235.00*167.86**1~
DTM*472*20241226~
CLP*MMC2024000113*1*197.44*141.03*0*12*CLAIMREF001*11~
CLM*MMC2024000113*197.44***22:B:1*Y*A*Y*I~
NM1*82*1*JOHNSON*SARAH***XX*2345678901~
NM1*77*2*MIDWEST GENERAL HOSPITAL****XX*1111111111~
CAS*CO*45*56.41~
SVC*HC:99213*197.44*141.03**1~
DTM*472*20241215~
CLP*MMC2024001077*1*140.55*100.39*0*12*CLAIMREF001*11~
CLM*MMC2024001077*140.55***22:B:1*Y*A*Y*I~
NM1*82*1*THOMPSON*MICHAEL***XX*6789012345~
NM1*77*2*REGIONAL MEDICAL CENTER****XX*4444444444~
CAS*CO*45*40.16~
SVC*HC:99232*140.55*100.39**1~
DTM*472*20241210~
CLP*MMC2024001007*1*144.98*103.56*0*12*CLAIMREF001*11~
CLM*MMC2024001007*144.98***24:B:1*Y*A*Y*I~
NM1*82*1*ANDERSON*DAVID***XX*8901234567~
NM1*77*2*NORTHWEST SURGICAL ASC****XX*6666666666~
CAS*CO*45*41.42~
SVC*HC:99283*144.98*103.56**1~
DTM*472*20241206~
CLP*MMC2024000363*1*266.70*190.50*0*12*CLAIMREF001*11~
CLM*MMC2024000363*266.70***24:B:1*Y*A*Y*I~
NM1*82*1*WILLIAMS*JAMES***XX*4567890123~
NM1*77*2*NORTHWEST SURGICAL ASC****XX*6666666666~
CAS*CO*45*76.20~
SVC*HC:99214*266.70*190.50**1~
DTM*472*20241217~
CLP*MMC2024000402*1*286.08*204.34*0*12*CLAIMREF001*11~
CLM*MMC2024000402*286.08***24:B:1*Y*A*Y*I~
NM1*82*1*PATEL*RAJ***XX*3456789012~
NM1*77*2*ORTHO SURGICAL CENTER****XX*3333333333~
CAS*CO*45*81.74~
SVC*HC:99214*286.08*204.34**1~
DTM*472*20241213~
CLP*MMC2024000038*1*5218.00*3727.14*0*12*CLAIMREF001*11~
CLM*MMC2024000038*5218.00***19:B:1*Y*A*Y*I~
NM1*82*1*GARCIA*MARIA***XX*7890123456~
NM1*77*2*ST LUKE OUTPATIENT****XX*7777777777~
CAS*CO*45*1490.86~
SVC*HC:27130*5218.00*3727.14**1~
DTM*472*20241212~
CLP*MMC2024000184*1*190.55*136.11*0*12*CLAIMREF001*11~
CLM*MMC2024000184*190.55***22:B:1*Y*A*Y*I~
NM1*82*1*MARTINEZ*CARLOS***XX*1234567890~
NM1*77*2*REGIONAL MEDICAL CENTER****XX*4444444444~
CAS*CO*45*54.44~
SVC*HC:99213*190.55*136.11**1~
DTM*472*20241220~
CLP*MMC2024001033*1*143.86*102.76*0*12*CLAIMREF001*11~
CLM*MMC2024001033*143.86***22:B:1*Y*A*Y*I~
NM1*82*1*JOHNSON*SARAH***XX*2345678901~
NM1*77*2*MIDWEST GENERAL HOSPITAL****XX*1111111111~
CAS*CO*45*41.10~
SVC*HC:99283*143.86*102.76**1~
DTM*472*20241226~
CLP*MMC2024000557*1*476.14*340.10*0*12*CLAIMREF001*11~
CLM*MMC2024000557*476.14***11:B:1*Y*A*Y*I~
NM1*82*1*THOMPSON*MICHAEL***XX*6789012345~
NM1*77*2*COMMUNITY IMAGING LLC****XX*5555555555~
CAS*CO*45*136.04~
SVC*HC:99205*476.14*340.10**1~
DTM*472*20241222~
CLP*MMC2024000405*1*291.52*208.23*0*12*CLAIMREF001*11~
CLM*MMC2024000405*291.52***22:B:1*Y*A*Y*I~
NM1*82*1*THOMPSON*MICHAEL***XX*6789012345~
NM1*77*2*MIDWEST GENERAL HOSPITAL****XX*1111111111~
CAS*CO*45*83.29~
SVC*HC:99214*291.52*208.23**1~
DTM*472*20241202~
CLP*MMC2024000252*1*186.56*133.26*0*12*CLAIMREF001*11~
CLM*MMC2024000252*186.56***11:B:1*Y*A*Y*I~
NM1*82*1*CHEN*LISA***XX*5678901234~
NM1*77*2*COMMUNITY IMAGING LLC****XX*5555555555~
CAS*CO*45*53.30~
SVC*HC:99213*186.56*133.26**1~
DTM*472*20241220~
CLP*MMC2024000155*1*204.20*145.86*0*12*CLAIMREF001*11~
CLM*MMC2024000155*204.20***22:B:1*Y*A*Y*I~
NM1*82*1*WILLIAMS*JAMES***XX*4567890123~
NM1*77*2*MIDWEST GENERAL HOSPITAL****XX*1111111111~
CAS*CO*45*58.34~
SVC*HC:99213*204.20*145.86**1~
DTM*472*20241225~
CLP*MMC2024000512*1*352.04*251.46*0*12*CLAIMREF001*11~
CLM*MMC2024000512*352.04***11:B:1*Y*A*Y*I~
NM1*82*1*MARTINEZ*CARLOS***XX*1234567890~
NM1*77*2*COMMUNITY IMAGING LLC****XX*5555555555~
CAS*CO*45*100.58~
SVC*HC:99204*352.04*251.46**1~
DTM*472*20241226~
CLP*MMC2024000781*1*16.28*11.63*0*12*CLAIMREF001*11~
CLM*MMC2024000781*16.28***11:B:1*Y*A*Y*I~
NM1*82*1*THOMPSON*MICHAEL***XX*6789012345~
NM1*77*2*COMMUNITY IMAGING LLC****XX*5555555555~
CAS*CO*45*4.65~
SVC*HC:85025*16.28*11.63**1~
DTM*472*20241218~
CLP*MMC2024000316*1*286.34*204.53*0*12*CLAIMREF001*11~
CLM*MMC2024000316*286.34***11:B:1*Y*A*Y*I~
NM1*82*1*CHEN*LISA***XX*5678901234~
NM1*77*2*ADVANCED IMAGING CENTER****XX*2222222222~
CAS*CO*45*81.81~
SVC*HC:99214*286.34*204.53**1~
DTM*472*20241221~
CLP*MMC2024000743*1*16.42*11.73*0*12*CLAIMREF001*11~
CLM*MMC2024000743*16.42***11:B:1*Y*A*Y*I~
NM1*82*1*ANDERSON*DAVID***XX*8901234567~
NM1*77*2*COMMUNITY IMAGING LLC****XX*5555555555~
CAS*CO*45*4.69~
SVC*HC:85025*16.42*11.73**1~
DTM*472*20241201~
CLP*MMC2024000478*1*353.32*252.37*0*12*CLAIMREF001*11~
CLM*MMC2024000478*353.32***24:B:1*Y*A*Y*I~
NM1*82*1*GARCIA*MARIA***XX*7890123456~
NM1*77*2*ORTHO SURGICAL CENTER****XX*3333333333~
CAS*CO*45*100.95~
SVC*HC:99204*353.32*252.37**1~
DTM*472*20241212~
CLP*MMC2024000540*1*469.71*335.51*0*12*CLAIMREF001*11~
CLM*MMC2024000540*469.71***24:B:1*Y*A*Y*I~
NM1*82*1*CHEN*LISA***XX*5678901234~
NM1*77*2*NORTHWEST SURGICAL ASC****XX*6666666666~
CAS*CO*45*134.20~
SVC*HC:99205*469.71*335.51**1~
DTM*472*20241212~
CLP*MMC2024000027*1*766.93*547.81*0*12*CLAIMREF001*11~
CLM*MMC2024000027*766.93***11:B:1*Y*A*Y*I~
NM1*82*1*WILLIAMS*JAMES***XX*4567890123~
NM1*77*2*COMMUNITY IMAGING LLC****XX*5555555555~
CAS*CO*45*219.12~
SVC*HC:73721*766.93*547.81**1~
DTM*472*20241208~
CLP*MMC2024000956*1*18.82*13.44*0*12*CLAIMREF001*11~
CLM*MMC2024000956*18.82***11:B:1*Y*A*Y*I~
NM1*82*1*CHEN*LISA***XX*5678901234~
NM1*77*2*COMMUNITY IMAGING LLC****XX*5555555555~
CAS*CO*45*5.38~
SVC*HC:36415*18.82*13.44**1~
DTM*472*20241212~
CLP*MMC2024001040*1*134.86*96.33*0*12*CLAIMREF001*11~
CLM*MMC2024001040*134.86***19:B:1*Y*A*Y*I~
NM1*82*1*MARTINEZ*CARLOS***XX*1234567890~
NM1*77*2*ST LUKE OUTPATIENT****XX*7777777777~
CAS*CO*45*38.53~
SVC*HC:99232*134.86*96.33**1~
DTM*472*20241209~
CLP*MMC2024000819*1*16.39*11.71*0*12*CLAIMREF001*11~
CLM*MMC2024000819*16.39***22:B:1*Y*A*Y*I~
NM1*82*1*WILLIAMS*JAMES***XX*4567890123~
NM1*77*2*MIDWEST GENERAL HOSPITAL****XX*1111111111~
CAS*CO*45*4.68~
SVC*HC:85025*16.39*11.71**1~
DTM*472*20241225~
CLP*MMC2024000079*1*689.71*492.65*0*12*CLAIMREF001*11~
CLM*MMC2024000079*689.71***22:B:1*Y*A*Y*I~
NM1*82*1*ANDERSON*DAVID***XX*8901234567~
NM1*77*2*MIDWEST GENERAL HOSPITAL****XX*1111111111~
CAS*CO*45*197.06~
SVC*HC:93350*689.71*492.65**1~
DTM*472*20241227~
CLP*MMC2024000903*1*30.58*21.84*0*12*CLAIMREF001*11~
CLM*MMC2024000903*30.58***22:B:1*Y*A*Y*I~
NM1*82*1*ANDERSON*DAVID***XX*8901234567~
NM1*77*2*MIDWEST GENERAL HOSPITAL****XX*1111111111~
CAS*CO*45*8.74~
SVC*HC:93000*30.58*21.84**1~
DTM*472*20241216~
CLP*MMC2024000080*1*654.26*467.33*0*12*CLAIMREF001*11~
CLM*MMC2024000080*654.26***11:B:1*Y*A*Y*I~
NM1*82*1*MARTINEZ*CARLOS***XX*1234567890~
NM1*77*2*ADVANCED IMAGING CENTER****XX*2222222222~
CAS*CO*45*186.93~
SVC*HC:93350*654.26*467.33**1~
DTM*472*20241214~
CLP*MMC2024000480*1*352.80*252.00*0*12*CLAIMREF001*11~
CLM*MMC2024000480*352.80***24:B:1*Y*A*Y*I~
NM1*82*1*MARTINEZ*CARLOS***XX*1234567890~
NM1*77*2*NORTHWEST SURGICAL ASC****XX*6666666666~
CAS*CO*45*100.80~
SVC*HC:99204*352.80*252.00**1~
DTM*472*20241217~
CLP*MMC2024000651*1*21.95*15.68*0*12*CLAIMREF001*11~
CLM*MMC2024000651*21.95***11:B:1*Y*A*Y*I~
NM1*82*1*WILLIAMS*JAMES***XX*4567890123~
NM1*77*2*COMMUNITY IMAGING LLC****XX*5555555555~
CAS*CO*45*6.27~
SVC*HC:80053*21.95*15.68**1~
DTM*472*20241202~
CLP*MMC2024000239*1*186.30*133.07*0*12*CLAIMREF001*11~
CLM*MMC2024000239*186.30***11:B:1*Y*A*Y*I~
NM1*82*1*ANDERSON*DAVID***XX*8901234567~
NM1*77*2*ADVANCED IMAGING CENTER****XX*2222222222~
CAS*CO*45*53.23~
SVC*HC:99213*186.30*133.07**1~
DTM*472*20241216~
CLP*MMC2024001008*1*141.12*100.80*0*12*CLAIMREF001*11~
CLM*MMC2024001008*141.12***24:B:1*Y*A*Y*I~
NM1*82*1*MARTINEZ*CARLOS***XX*1234567890~
NM1*77*2*NORTHWEST SURGICAL ASC****XX*6666666666~
CAS*CO*45*40.32~
SVC*HC:99283*141.12*100.80**1~
DTM*472*20241212~
CLP*MMC2024000006*1*3112.19*2222.99*0*12*CLAIMREF001*11~
CLM*MMC2024000006*3112.19***24:B:1*Y*A*Y*I~
NM1*82*1*GARCIA*MARIA***XX*7890123456~
NM1*77*2*NORTHWEST SURGICAL ASC****XX*6666666666~
CAS*CO*45*889.20~
SVC*HC:27447*3112.19*2222.99**1~
DTM*472*20241228~
CLP*MMC2024000983*1*18.42*13.16*0*12*CLAIMREF001*11~
CLM*MMC2024000983*18.42***22:B:1*Y*A*Y*I~
NM1*82*1*ANDERSON*DAVID***XX*8901234567~
NM1*77*2*MIDWEST GENERAL HOSPITAL****XX*1111111111~
CAS*CO*45*5.26~
SVC*HC:36415*18.42*13.16**1~
DTM*472*20241211~
CLP*MMC2024000558*1*454.76*324.83*0*12*CLAIMREF001*11~
CLM*MMC2024000558*454.76***22:B:1*Y*A*Y*I~
NM1*82*1*GARCIA*MARIA***XX*7890123456~
NM1*77*2*MIDWEST GENERAL HOSPITAL****XX*1111111111~
CAS*CO*45*129.93~
SVC*HC:99205*454.76*324.83**1~
DTM*472*20241218~
CLP*MMC2024000809*1*16.13*11.52*0*12*CLAIMREF001*11~
CLM*MMC2024000809*16.13***11:B:1*Y*A*Y*I~
NM1*82*1*JOHNSON*SARAH***XX*2345678901~
NM1*77*2*ADVANCED IMAGING CENTER****XX*2222222222~
CAS*CO*45*4.61~
SVC*HC:85025*16.13*11.52**1~
DTM*472*20241218~
CLP*MMC2024000820*1*16.67*11.91*0*12*CLAIMREF001*11~
CLM*MMC2024000820*16.67***11:B:1*Y*A*Y*I~
NM1*82*1*CHEN*LISA***XX*5678901234~
NM1*77*2*COMMUNITY IMAGING LLC****XX*5555555555~
CAS*CO*45*4.76~
SVC*HC:85025*16.67*11.91**1~
DTM*472*20241204~
CLP*MMC2024000286*1*197.68*141.20*0*12*CLAIMREF001*11~
CLM*MMC2024000286*197.68***24:B:1*Y*A*Y*I~
NM1*82*1*GARCIA*MARIA***XX*7890123456~
NM1*77*2*NORTHWEST SURGICAL ASC****XX*6666666666~
CAS*CO*45*56.48~
SVC*HC:99213*197.68*141.20**1~
DTM*472*20241221~
CLP*MMC2024000439*1*291.05*207.89*0*12*CLAIMREF001*11~
CLM*MMC2024000439*291.05***11:B:1*Y*A*Y*I~
NM1*82*1*ANDERSON*DAVID***XX*8901234567~
NM1*77*2*COMMUNITY IMAGING LLC****XX*5555555555~
CAS*CO*45*83.16~
SVC*HC:99214*291.05*207.89**1~
DTM*472*20241228~
CLP*MMC2024000042*1*546.07*390.05*0*12*CLAIMREF001*11~
CLM*MMC2024000042*546.07***19:B:1*Y*A*Y*I~
NM1*82*1*PATEL*RAJ***XX*3456789012~
NM1*77*2*ST LUKE OUTPATIENT****XX*7777777777~
CAS*CO*45*156.02~
SVC*HC:93306*546.07*390.05**1~
DTM*472*20241205~
CLP*MMC2024000387*1*291.96*208.54*0*12*CLAIMREF001*11~
CLM*MMC2024000387*291.96***11:B:1*Y*A*Y*I~
NM1*82*1*WILLIAMS*JAMES***XX*4567890123~
NM1*77*2*COMMUNITY IMAGING LLC****XX*5555555555~
CAS*CO*45*83.42~
SVC*HC:99214*291.96*208.54**1~
DTM*472*20241222~
CLP*MMC2024000123*1*202.92*144.94*0*12*CLAIMREF001*11~
CLM*MMC2024000123*202.92***24:B:1*Y*A*Y*I~
NM1*82*1*WILLIAMS*JAMES***XX*4567890123~
NM1*77*2*NORTHWEST SURGICAL ASC****XX*6666666666~
CAS*CO*45*57.98~
SVC*HC:99213*202.92*144.94**1~
DTM*472*20241227~
CLP*MMC2024000607*1*23.03*16.45*0*12*CLAIMREF001*11~
CLM*MMC2024000607*23.03***11:B:1*Y*A*Y*I~
NM1*82*1*ANDERSON*DAVID***XX*8901234567~
NM1*77*2*COMMUNITY IMAGING LLC****XX*5555555555~
CAS*CO*45*6.58~
SVC*HC:80053*23.03*16.45**1~
DTM*472*20241210~
CLP*MMC2024000192*1*198.48*141.77*0*12*CLAIMREF001*11~
CLM*MMC2024000192*198.48***11:B:1*Y*A*Y*I~
NM1*82*1*MARTINEZ*CARLOS***XX*1234567890~
NM1*77*2*COMMUNITY IMAGING LLC****XX*5555555555~
CAS*CO*45*56.71~
SVC*HC:99213*198.48*141.77**1~
DTM*472*20241216~
CLP*MMC2024000970*1*18.00*12.86*0*12*CLAIMREF001*11~
CLM*MMC2024000970*18.00***11:B:1*Y*A*Y*I~
NM1*82*1*PATEL*RAJ***XX*3456789012~
NM1*77*2*ADVANCED IMAGING CENTER****XX*2222222222~
CAS*CO*45*5.14~
SVC*HC:36415*18.00*12.86**1~
DTM*472*20241211~
CLP*MMC2024000909*1*19.10*13.64*0*12*CLAIMREF001*11~
CLM*MMC2024000909*19.10***19:B:1*Y*A*Y*I~
NM1*82*1*THOMPSON*MICHAEL***XX*6789012345~
NM1*77*2*ST LUKE OUTPATIENT****XX*7777777777~
CAS*CO*45*5.46~
SVC*HC:36415*19.10*13.64**1~
DTM*472*20241208~
CLP*MMC2024000460*1*329.17*235.12*0*12*CLAIMREF001*11~
CLM*MMC2024000460*329.17***11:B:1*Y*A*Y*I~
NM1*82*1*CHEN*LISA***XX*5678901234~
NM1*77*2*ADVANCED IMAGING CENTER****XX*2222222222~
CAS*CO*45*94.05~
SVC*HC:99204*329.17*235.12**1~
DTM*472*20241212~
CLP*MMC2024000595*1*444.75*317.68*0*12*CLAIMREF001*11~
CLM*MMC2024000595*444.75***11:B:1*Y*A*Y*I~
NM1*82*1*WILLIAMS*JAMES***XX*4567890123~
NM1*77*2*COMMUNITY IMAGING LLC****XX*5555555555~
CAS*CO*45*127.07~
SVC*HC:99205*444.75*317.68**1~
DTM*472*20241217~
CLP*MMC2024000199*1*189.74*135.53*0*12*CLAIMREF001*11~
CLM*MMC2024000199*189.74***19:B:1*Y*A*Y*I~
NM1*82*1*ANDERSON*DAVID***XX*8901234567~
NM1*77*2*ST LUKE OUTPATIENT****XX*7777777777~
CAS*CO*45*54.21~
SVC*HC:99213*189.74*135.53**1~
DTM*472*20241209~
CLP*MMC2024000202*1*192.56*137.54*0*12*CLAIMREF001*11~
CLM*MMC2024000202*192.56***22:B:1*Y*A*Y*I~
NM1*82*1*PATEL*RAJ***XX*3456789012~
NM1*77*2*REGIONAL MEDICAL CENTER****XX*4444444444~
CAS*CO*45*55.02~
SVC*HC:99213*192.56*137.54**1~
DTM*472*20241201~
CLP*MMC2024000377*1*287.39*205.28*0*12*CLAIMREF001*11~
CLM*MMC2024000377*287.39***22:B:1*Y*A*Y*I~
NM1*82*1*JOHNSON*SARAH***XX*2345678901~
NM1*77*2*MIDWEST GENERAL HOSPITAL****XX*1111111111~
CAS*CO*45*82.11~
SVC*HC:99214*287.39*205.28**1~
DTM*472*20241228~
CLP*MMC2024000231*1*200.98*143.56*0*12*CLAIMREF001*11~
CLM*MMC2024000231*200.98***22:B:1*Y*A*Y*I~
NM1*82*1*ANDERSON*DAVID***XX*8901234567~
NM1*77*2*REGIONAL MEDICAL CENTER****XX*4444444444~
CAS*CO*45*57.42~
SVC*HC:99213*200.98*143.56**1~
DTM*472*20241215~
CLP*MMC2024000454*1*344.37*245.98*0*12*CLAIMREF001*11~
CLM*MMC2024000454*344.37***11:B:1*Y*A*Y*I~
NM1*82*1*GARCIA*MARIA***XX*7890123456~
NM1*77*2*ADVANCED IMAGING CENTER****XX*2222222222~
CAS*CO*45*98.39~
SVC*HC:99204*344.37*245.98**1~
DTM*472*20241212~
CLP*MMC2024000208*1*194.87*139.19*0*12*CLAIMREF001*11~
CLM*MMC2024000208*194.87***11:B:1*Y*A*Y*I~
NM1*82*1*MARTINEZ*CARLOS***XX*1234567890~
NM1*77*2*COMMUNITY IMAGING LLC****XX*5555555555~
CAS*CO*45*55.68~
SVC*HC:99213*194.87*139.19**1~
DTM*472*20241206~
CLP*MMC2024000258*1*188.61*134.72*0*12*CLAIMREF001*11~
CLM*MMC2024000258*188.61***22:B:1*Y*A*Y*I~
NM1*82*1*PATEL*RAJ***XX*3456789012~
NM1*77*2*MIDWEST GENERAL HOSPITAL****XX*1111111111~
CAS*CO*45*53.89~
SVC*HC:99213*188.61*134.72**1~
DTM*472*20241218~
CLP*MMC2024000568*1*457.69*326.92*0*12*CLAIMREF001*11~
CLM*MMC2024000568*457.69***24:B:1*Y*A*Y*I~
NM1*82*1*MARTINEZ*CARLOS***XX*1234567890~
NM1*77*2*NORTHWEST SURGICAL ASC****XX*6666666666~
CAS*CO*45*130.77~
SVC*HC:99205*457.69*326.92**1~
DTM*472*20241227~
CLP*MMC2024000666*1*21.32*15.23*0*12*CLAIMREF001*11~
CLM*MMC2024000666*21.32***22:B:1*Y*A*Y*I~
NM1*82*1*PATEL*RAJ***XX*3456789012~
NM1*77*2*REGIONAL MEDICAL CENTER****XX*4444444444~
CAS*CO*45*6.09~
SVC*HC:80053*21.32*15.23**1~
DTM*472*20241212~
CLP*MMC2024000811*1*16.87*12.05*0*12*CLAIMREF001*11~
CLM*MMC2024000811*16.87***11:B:1*Y*A*Y*I~
NM1*82*1*WILLIAMS*JAMES***XX*4567890123~
NM1*77*2*COMMUNITY IMAGING LLC****XX*5555555555~
CAS*CO*45*4.82~
SVC*HC:85025*16.87*12.05**1~
DTM*472*20241201~
CLP*MMC2024000771*1*16.03*11.45*0*12*CLAIMREF001*11~
CLM*MMC2024000771*16.03***22:B:1*Y*A*Y*I~
NM1*82*1*WILLIAMS*JAMES***XX*4567890123~
NM1*77*2*MIDWEST GENERAL HOSPITAL****XX*1111111111~
CAS*CO*45*4.58~
SVC*HC:85025*16.03*11.45**1~
DTM*472*20241216~
CLP*MMC2024000877*1*31.60*22.57*0*12*CLAIMREF001*11~
CLM*MMC2024000877*31.60***24:B:1*Y*A*Y*I~
NM1*82*1*THOMPSON*MICHAEL***XX*6789012345~
NM1*77*2*ORTHO SURGICAL CENTER****XX*3333333333~
CAS*CO*45*9.03~
SVC*HC:93000*31.60*22.57**1~
DTM*472*20241216~
CLP*MMC2024001031*1*141.74*101.24*0*12*CLAIMREF001*11~
CLM*MMC2024001031*141.74***11:B:1*Y*A*Y*I~
NM1*82*1*ANDERSON*DAVID***XX*8901234567~
NM1*77*2*ADVANCED IMAGING CENTER****XX*2222222222~
CAS*CO*45*40.50~
SVC*HC:99283*141.74*101.24**1~
DTM*472*20241219~
CLP*MMC2024000049*1*584.08*417.20*0*12*CLAIMREF001*11~
CLM*MMC2024000049*584.08***22:B:1*Y*A*Y*I~
NM1*82*1*JOHNSON*SARAH***XX*2345678901~
NM1*77*2*MIDWEST GENERAL HOSPITAL****XX*1111111111~
CAS*CO*45*166.88~
SVC*HC:93306*584.08*417.20**1~
DTM*472*20241206~
CLP*MMC2024000295*1*186.41*133.15*0*12*CLAIMREF001*11~
CLM*MMC2024000295*186.41***22:B:1*Y*A*Y*I~
NM1*82*1*ANDERSON*DAVID***XX*8901234567~
NM1*77*2*MIDWEST GENERAL HOSPITAL****XX*1111111111~
CAS*CO*45*53.26~
SVC*HC:99213*186.41*133.15**1~
DTM*472*20241210~
CLP*MMC2024000830*1*17.07*12.19*0*12*CLAIMREF001*11~
CLM*MMC2024000830*17.07***11:B:1*Y*A*Y*I~
NM1*82*1*GARCIA*MARIA***XX*7890123456~
NM1*77*2*ADVANCED IMAGING CENTER****XX*2222222222~
CAS*CO*45*4.88~
SVC*HC:85025*17.07*12.19**1~
DTM*472*20241209~
CLP*MMC2024000244*1*198.60*141.86*0*12*CLAIMREF001*11~
CLM*MMC2024000244*198.60***11:B:1*Y*A*Y*I~
NM1*82*1*CHEN*LISA***XX*5678901234~
NM1*77*2*ADVANCED IMAGING CENTER****XX*2222222222~
CAS*CO*45*56.74~
SVC*HC:99213*198.60*141.86**1~
DTM*472*20241211~
CLP*MMC2024001041*1*144.00*102.86*0*12*CLAIMREF001*11~
CLM*MMC2024001041*144.00***22:B:1*Y*A*Y*I~
NM1*82*1*JOHNSON*SARAH***XX*2345678901~
NM1*77*2*MIDWEST GENERAL HOSPITAL****XX*1111111111~
CAS*CO*45*41.14~
SVC*HC:99232*144.00*102.86**1~
DTM*472*20241211~
CLP*MMC2024000740*1*17.09*12.21*0*12*CLAIMREF001*11~
CLM*MMC2024000740*17.09***22:B:1*Y*A*Y*I~
NM1*82*1*CHEN*LISA***XX*5678901234~
NM1*77*2*MIDWEST GENERAL HOSPITAL****XX*1111111111~
CAS*CO*45*4.88~
SVC*HC:85025*17.09*12.21**1~
DTM*472*20241208~
CLP*MMC2024000105*1*191.11*136.51*0*12*CLAIMREF001*11~
CLM*MMC2024000105*191.11***24:B:1*Y*A*Y*I~
NM1*82*1*JOHNSON*SARAH***XX*2345678901~
NM1*77*2*NORTHWEST SURGICAL ASC****XX*6666666666~
CAS*CO*45*54.60~
SVC*HC:99213*191.11*136.51**1~
DTM*472*20241226~
CLP*MMC2024000594*1*484.34*345.96*0*12*CLAIMREF001*11~
CLM*MMC2024000594*484.34***11:B:1*Y*A*Y*I~
NM1*82*1*PATEL*RAJ***XX*3456789012~
NM1*77*2*COMMUNITY IMAGING LLC****XX*5555555555~
CAS*CO*45*138.38~
SVC*HC:99205*484.34*345.96**1~
DTM*472*20241213~
CLP*MMC2024001050*1*132.36*94.54*0*12*CLAIMREF001*11~
CLM*MMC2024001050*132.36***11:B:1*Y*A*Y*I~
NM1*82*1*PATEL*RAJ***XX*3456789012~
NM1*77*2*ADVANCED IMAGING CENTER****XX*2222222222~
CAS*CO*45*37.82~
SVC*HC:99232*132.36*94.54**1~
DTM*472*20241203~
CLP*MMC2024000034*1*656.77*469.12*0*12*CLAIMREF001*11~
CLM*MMC2024000034*656.77***11:B:1*Y*A*Y*I~
NM1*82*1*PATEL*RAJ***XX*3456789012~
NM1*77*2*ADVANCED IMAGING CENTER****XX*2222222222~
CAS*CO*45*187.65~
SVC*HC:73721*656.77*469.12**1~
DTM*472*20241202~
CLP*MMC2024000209*1*204.36*145.97*0*12*CLAIMREF001*11~
CLM*MMC2024000209*204.36***22:B:1*Y*A*Y*I~
NM1*82*1*JOHNSON*SARAH***XX*2345678901~
NM1*77*2*REGIONAL MEDICAL CENTER****XX*4444444444~
CAS*CO*45*58.39~
SVC*HC:99213*204.36*145.97**1~
DTM*472*20241228~
CLP*MMC2024000873*1*33.08*23.63*0*12*CLAIMREF001*11~
CLM*MMC2024000873*33.08***22:B:1*Y*A*Y*I~
NM1*82*1*JOHNSON*SARAH***XX*2345678901~
NM1*77*2*REGIONAL MEDICAL CENTER****XX*4444444444~
CAS*CO*45*9.45~
SVC*HC:93000*33.08*23.63**1~
DTM*472*20241207~
CLP*MMC2024000064*1*432.82*309.16*0*12*CLAIMREF001*11~
CLM*MMC2024000064*432.82***11:B:1*Y*A*Y*I~
NM1*82*1*MARTINEZ*CARLOS***XX*1234567890~
NM1*77*2*ADVANCED IMAGING CENTER****XX*2222222222~
CAS*CO*45*123.66~
SVC*HC:75571*432.82*309.16**1~
DTM*472*20241215~
CLP*MMC2024000150*1*191.90*137.07*0*12*CLAIMREF001*11~
CLM*MMC2024000150*191.90***24:B:1*Y*A*Y*I~
NM1*82*1*GARCIA*MARIA***XX*7890123456~
NM1*77*2*NORTHWEST SURGICAL ASC****XX*6666666666~
CAS*CO*45*54.83~
SVC*HC:99213*191.90*137.07**1~
DTM*472*20241209~
CLP*MMC2024000257*1*186.07*132.91*0*12*CLAIMREF001*11~
CLM*MMC2024000257*186.07***24:B:1*Y*A*Y*I~
NM1*82*1*JOHNSON*SARAH***XX*2345678901~
NM1*77*2*ORTHO SURGICAL CENTER****XX*3333333333~
CAS*CO*45*53.16~
SVC*HC:99213*186.07*132.91**1~
DTM*472*20241223~
CLP*MMC2024001028*1*140.48*100.34*0*12*CLAIMREF001*11~
CLM*MMC2024001028*140.48***22:B:1*Y*A*Y*I~
NM1*82*1*CHEN*LISA***XX*5678901234~
NM1*77*2*REGIONAL MEDICAL CENTER****XX*4444444444~
CAS*CO*45*40.14~
SVC*HC:99283*140.48*100.34**1~
DTM*472*20241217~
CLP*MMC2024000850*1*31.56*22.54*0*12*CLAIMREF001*11~
CLM*MMC2024000850*31.56***11:B:1*Y*A*Y*I~
NM1*82*1*PATEL*RAJ***XX*3456789012~
NM1*77*2*ADVANCED IMAGING CENTER****XX*2222222222~
CAS*CO*45*9.02~
SVC*HC:93000*31.56*22.54**1~
DTM*472*20241202~
CLP*MMC2024000274*1*190.18*135.84*0*12*CLAIMREF001*11~
CLM*MMC2024000274*190.18***24:B:1*Y*A*Y*I~
NM1*82*1*PATEL*RAJ***XX*3456789012~
NM1*77*2*NORTHWEST SURGICAL ASC****XX*6666666666~
CAS*CO*45*54.34~
SVC*HC:99213*190.18*135.84**1~
DTM*472*20241208~
CLP*MMC2024000860*1*31.37*22.41*0*12*CLAIMREF001*11~
CLM*MMC2024000860*31.37***22:B:1*Y*A*Y*I~
NM1*82*1*CHEN*LISA***XX*5678901234~
NM1*77*2*REGIONAL MEDICAL CENTER****XX*4444444444~
CAS*CO*45*8.96~
SVC*HC:93000*31.37*22.41**1~
DTM*472*20241205~
CLP*MMC2024000058*1*401.97*287.12*0*12*CLAIMREF001*11~
CLM*MMC2024000058*401.97***22:B:1*Y*A*Y*I~
NM1*82*1*PATEL*RAJ***XX*3456789012~
NM1*77*2*MIDWEST GENERAL HOSPITAL****XX*1111111111~
CAS*CO*45*114.85~
SVC*HC:75571*401.97*287.12**1~
DTM*472*20241213~
CLP*MMC2024000055*1*553.03*395.02*0*12*CLAIMREF001*11~
CLM*MMC2024000055*553.03***22:B:1*Y*A*Y*I~
NM1*82*1*ANDERSON*DAVID***XX*8901234567~
NM1*77*2*MIDWEST GENERAL HOSPITAL****XX*1111111111~
CAS*CO*45*158.01~
SVC*HC:93306*553.03*395.02**1~
DTM*472*20241219~
CLP*MMC2024000149*1*192.92*137.80*0*12*CLAIMREF001*11~
CLM*MMC2024000149*192.92***24:B:1*Y*A*Y*I~
NM1*82*1*THOMPSON*MICHAEL***XX*6789012345~
NM1*77*2*ORTHO SURGICAL CENTER****XX*3333333333~
CAS*CO*45*55.12~
SVC*HC:99213*192.92*137.80**1~
DTM*472*20241215~
CLP*MMC2024000391*1*282.00*201.43*0*12*CLAIMREF001*11~
CLM*MMC2024000391*282.00***11:B:1*Y*A*Y*I~
NM1*82*1*ANDERSON*DAVID***XX*8901234567~
NM1*77*2*COMMUNITY IMAGING LLC****XX*5555555555~
CAS*CO*45*80.57~
SVC*HC:99214*282.00*201.43**1~
DTM*472*20241204~
CLP*MMC2024000026*1*840.67*600.48*0*12*CLAIMREF001*11~
CLM*MMC2024000026*840.67***11:B:1*Y*A*Y*I~
NM1*82*1*PATEL*RAJ***XX*3456789012~
NM1*77*2*COMMUNITY IMAGING LLC****XX*5555555555~
CAS*CO*45*240.19~
SVC*HC:73721*840.67*600.48**1~
DTM*472*20241204~
CLP*MMC2024000911*1*18.90*13.50*0*12*CLAIMREF001*11~
CLM*MMC2024000911*18.90***11:B:1*Y*A*Y*I~
NM1*82*1*ANDERSON*DAVID***XX*8901234567~
NM1*77*2*ADVANCED IMAGING CENTER****XX*2222222222~
CAS*CO*45*5.40~
SVC*HC:36415*18.90*13.50**1~
DTM*472*20241217~
CLP*MMC2024000736*1*17.12*12.23*0*12*CLAIMREF001*11~
CLM*MMC2024000736*17.12***11:B:1*Y*A*Y*I~
NM1*82*1*MARTINEZ*CARLOS***XX*1234567890~
NM1*77*2*ADVANCED IMAGING CENTER****XX*2222222222~
CAS*CO*45*4.89~
SVC*HC:85025*17.12*12.23**1~
DTM*472*20241203~
CLP*MMC2024000840*1*16.38*11.70*0*12*CLAIMREF001*11~
CLM*MMC2024000840*16.38***11:B:1*Y*A*Y*I~
NM1*82*1*MARTINEZ*CARLOS***XX*1234567890~
NM1*77*2*COMMUNITY IMAGING LLC****XX*5555555555~
CAS*CO*45*4.68~
SVC*HC:85025*16.38*11.70**1~
DTM*472*20241227~
CLP*MMC2024000433*1*285.54*203.96*0*12*CLAIMREF001*11~
CLM*MMC2024000433*285.54***11:B:1*Y*A*Y*I~
NM1*82*1*JOHNSON*SARAH***XX*2345678901~
NM1*77*2*ADVANCED IMAGING CENTER****XX*2222222222~
CAS*CO*45*81.58~
SVC*HC:99214*285.54*203.96**1~
DTM*472*20241208~
CLP*MMC2024000293*1*200.35*143.11*0*12*CLAIMREF001*11~
CLM*MMC2024000293*200.35***22:B:1*Y*A*Y*I~
NM1*82*1*THOMPSON*MICHAEL***XX*6789012345~
NM1*77*2*MIDWEST GENERAL HOSPITAL****XX*1111111111~
CAS*CO*45*57.24~
SVC*HC:99213*200.35*143.11**1~
DTM*472*20241215~
CLP*MMC2024000994*1*17.53*12.52*0*12*CLAIMREF001*11~
CLM*MMC2024000994*17.53***22:B:1*Y*A*Y*I~
NM1*82*1*PATEL*RAJ***XX*3456789012~
NM1*77*2*MIDWEST GENERAL HOSPITAL****XX*1111111111~
CAS*CO*45*5.01~
SVC*HC:36415*17.53*12.52**1~
DTM*472*20241211~
CLP*MMC2024000428*1*277.41*198.15*0*12*CLAIMREF001*11~
CLM*MMC2024000428*277.41***24:B:1*Y*A*Y*I~
NM1*82*1*CHEN*LISA***XX*5678901234~
NM1*77*2*NORTHWEST SURGICAL ASC****XX*6666666666~
CAS*CO*45*79.26~
SVC*HC:99214*277.41*198.15**1~
DTM*472*20241217~
CLP*MMC2024000492*1*339.25*242.32*0*12*CLAIMREF001*11~
CLM*MMC2024000492*339.25***22:B:1*Y*A*Y*I~
NM1*82*1*CHEN*LISA***XX*5678901234~
NM1*77*2*MIDWEST GENERAL HOSPITAL****XX*1111111111~
CAS*CO*45*96.93~
SVC*HC:99204*339.25*242.32**1~
DTM*472*20241211~
CLP*MMC2024000361*1*265.65*189.75*0*12*CLAIMREF001*11~
CLM*MMC2024000361*265.65***24:B:1*Y*A*Y*I~
NM1*82*1*JOHNSON*SARAH***XX*2345678901~
NM1*77*2*ORTHO SURGICAL CENTER****XX*3333333333~
CAS*CO*45*75.90~
SVC*HC:99214*265.65*189.75**1~
DTM*472*20241219~
CLP*MMC2024000808*1*15.74*11.24*0*12*CLAIMREF001*11~
CLM*MMC2024000808*15.74***11:B:1*Y*A*Y*I~
NM1*82*1*MARTINEZ*CARLOS***XX*1234567890~
NM1*77*2*ADVANCED IMAGING CENTER****XX*2222222222~
CAS*CO*45*4.50~
SVC*HC:85025*15.74*11.24**1~
DTM*472*20241219~
CLP*MMC2024000331*1*280.22*200.16*0*12*CLAIMREF001*11~
CLM*MMC2024000331*280.22***19:B:1*Y*A*Y*I~
NM1*82*1*WILLIAMS*JAMES***XX*4567890123~
NM1*77*2*ST LUKE OUTPATIENT****XX*7777777777~
CAS*CO*45*80.06~
SVC*HC:99214*280.22*200.16**1~
DTM*472*20241212~
CLP*MMC2024000556*1*446.68*319.06*0*12*CLAIMREF001*11~
CLM*MMC2024000556*446.68***19:B:1*Y*A*Y*I~
NM1*82*1*CHEN*LISA***XX*5678901234~
NM1*77*2*ST LUKE OUTPATIENT****XX*7777777777~
CAS*CO*45*127.62~
SVC*HC:99205*446.68*319.06**1~
DTM*472*20241203~
CLP*MMC2024000963*1*19.22*13.73*0*12*CLAIMREF001*11~
CLM*MMC2024000963*19.22***11:B:1*Y*A*Y*I~
NM1*82*1*WILLIAMS*JAMES***XX*4567890123~
NM1*77*2*COMMUNITY IMAGING LLC****XX*5555555555~
CAS*CO*45*5.49~
SVC*HC:36415*19.22*13.73**1~
DTM*472*20241212~
CLP*MMC2024001057*1*138.01*98.58*0*12*CLAIMREF001*11~
CLM*MMC2024001057*138.01***24:B:1*Y*A*Y*I~
NM1*82*1*JOHNSON*SARAH***XX*2345678901~
NM1*77*2*NORTHWEST SURGICAL ASC****XX*6666666666~
CAS*CO*45*39.43~
SVC*HC:99232*138.01*98.58**1~
DTM*472*20241221~
CLP*MMC2024000806*1*16.46*11.76*0*12*CLAIMREF001*11~
CLM*MMC2024000806*16.46***11:B:1*Y*A*Y*I~
NM1*82*1*GARCIA*MARIA***XX*7890123456~
NM1*77*2*COMMUNITY IMAGING LLC****XX*5555555555~
CAS*CO*45*4.70~
SVC*HC:85025*16.46*11.76**1~
DTM*472*20241204~
CLP*MMC2024000354*1*287.21*205.15*0*12*CLAIMREF001*11~
CLM*MMC2024000354*287.21***24:B:1*Y*A*Y*I~
NM1*82*1*PATEL*RAJ***XX*3456789012~
NM1*77*2*ORTHO SURGICAL CENTER****XX*3333333333~
CAS*CO*45*82.06~
SVC*HC:99214*287.21*205.15**1~
DTM*472*20241203~
CLP*MMC2024000814*1*16.66*11.90*0*12*CLAIMREF001*11~
CLM*MMC2024000814*16.66***11:B:1*Y*A*Y*I~
NM1*82*1*GARCIA*MARIA***XX*7890123456~
NM1*77*2*ADVANCED IMAGING CENTER****XX*2222222222~
CAS*CO*45*4.76~
SVC*HC:85025*16.66*11.90**1~
DTM*472*20241203~
CLP*MMC2024001013*1*145.36*103.83*0*12*CLAIMREF001*11~
CLM*MMC2024001013*145.36***24:B:1*Y*A*Y*I~
NM1*82*1*THOMPSON*MICHAEL***XX*6789012345~
NM1*77*2*NORTHWEST SURGICAL ASC****XX*6666666666~
CAS*CO*45*41.53~
SVC*HC:99283*145.36*103.83**1~
DTM*472*20241225~
CLP*MMC2024000206*1*202.47*144.62*0*12*CLAIMREF001*11~
CLM*MMC2024000206*202.47***19:B:1*Y*A*Y*I~
NM1*82*1*GARCIA*MARIA***XX*7890123456~
NM1*77*2*ST LUKE OUTPATIENT****XX*7777777777~
CAS*CO*45*57.85~
SVC*HC:99213*202.47*144.62**1~
DTM*472*20241204~
CLP*MMC2024000223*1*197.11*140.79*0*12*CLAIMREF001*11~
CLM*MMC2024000223*197.11***22:B:1*Y*A*Y*I~
NM1*82*1*ANDERSON*DAVID***XX*8901234567~
NM1*77*2*REGIONAL MEDICAL CENTER****XX*4444444444~
CAS*CO*45*56.32~
SVC*HC:99213*197.11*140.79**1~
DTM*472*20241202~
CLP*MMC2024000614*1*23.16*16.54*0*12*CLAIMREF001*11~
CLM*MMC2024000614*23.16***11:B:1*Y*A*Y*I~
NM1*82*1*GARCIA*MARIA***XX*7890123456~
NM1*77*2*ADVANCED IMAGING CENTER****XX*2222222222~
CAS*CO*45*6.62~
SVC*HC:80053*23.16*16.54**1~
DTM*472*20241220~
CLP*MMC2024000747*1*17.11*12.22*0*12*CLAIMREF001*11~
CLM*MMC2024000747*17.11***11:B:1*Y*A*Y*I~
NM1*82*1*WILLIAMS*JAMES***XX*4567890123~
NM1*77*2*COMMUNITY IMAGING LLC****XX*5555555555~
CAS*CO*45*4.89~
SVC*HC:85025*17.11*12.22**1~
DTM*472*20241202~
CLP*MMC2024001027*1*141.36*100.97*0*12*CLAIMREF001*11~
CLM*MMC2024001027*141.36***24:B:1*Y*A*Y*I~
NM1*82*1*WILLIAMS*JAMES***XX*4567890123~
NM1*77*2*NORTHWEST SURGICAL ASC****XX*6666666666~
CAS*CO*45*40.39~
SVC*HC:99283*141.36*100.97**1~
DTM*472*20241218~
CLP*MMC2024000307*1*272.23*194.45*0*12*CLAIMREF001*11~
CLM*MMC2024000307*272.23***22:B:1*Y*A*Y*I~
NM1*82*1*WILLIAMS*JAMES***XX*4567890123~
NM1*77*2*REGIONAL MEDICAL CENTER****XX*4444444444~
CAS*CO*45*77.78~
SVC*HC:99214*272.23*194.45**1~
DTM*472*20241207~
CLP*MMC2024000525*1*338.63*241.88*0*12*CLAIMREF001*11~
CLM*MMC2024000525*338.63***22:B:1*Y*A*Y*I~
NM1*82*1*THOMPSON*MICHAEL***XX*6789012345~
NM1*77*2*MIDWEST GENERAL HOSPITAL****XX*1111111111~
CAS*CO*45*96.75~
SVC*HC:99204*338.63*241.88**1~
DTM*472*20241228~
CLP*MMC2024000682*1*22.48*16.06*0*12*CLAIMREF001*11~
CLM*MMC2024000682*22.48***11:B:1*Y*A*Y*I~
NM1*82*1*PATEL*RAJ***XX*3456789012~
NM1*77*2*COMMUNITY IMAGING LLC****XX*5555555555~
CAS*CO*45*6.42~
SVC*HC:80053*22.48*16.06**1~
DTM*472*20241212~
CLP*MMC2024000803*1*17.08*12.20*0*12*CLAIMREF001*11~
CLM*MMC2024000803*17.08***11:B:1*Y*A*Y*I~
NM1*82*1*WILLIAMS*JAMES***XX*4567890123~
NM1*77*2*COMMUNITY IMAGING LLC****XX*5555555555~
CAS*CO*45*4.88~
SVC*HC:85025*17.08*12.20**1~
DTM*472*20241220~
CLP*MMC2024000137*1*202.71*144.79*0*12*CLAIMREF001*11~
CLM*MMC2024000137*202.71***24:B:1*Y*A*Y*I~
NM1*82*1*JOHNSON*SARAH***XX*2345678901~
NM1*77*2*NORTHWEST SURGICAL ASC****XX*6666666666~
CAS*CO*45*57.92~
SVC*HC:99213*202.71*144.79**1~
DTM*472*20241216~
CLP*MMC2024000724*1*15.55*11.11*0*12*CLAIMREF001*11~
CLM*MMC2024000724*15.55***22:B:1*Y*A*Y*I~
NM1*82*1*CHEN*LISA***XX*5678901234~
NM1*77*2*MIDWEST GENERAL HOSPITAL****XX*1111111111~
CAS*CO*45*4.44~
SVC*HC:85025*15.55*11.11**1~
DTM*472*20241225~
CLP*MMC2024000302*1*190.47*136.05*0*12*CLAIMREF001*11~
CLM*MMC2024000302*190.47***22:B:1*Y*A*Y*I~
NM1*82*1*GARCIA*MARIA***XX*7890123456~
NM1*77*2*REGIONAL MEDICAL CENTER****XX*4444444444~
CAS*CO*45*54.42~
SVC*HC:99213*190.47*136.05**1~
DTM*472*20241222~
CLP*MMC2024000352*1*283.75*202.68*0*12*CLAIMREF001*11~
CLM*MMC2024000352*283.75***22:B:1*Y*A*Y*I~
NM1*82*1*MARTINEZ*CARLOS***XX*1234567890~
NM1*77*2*MIDWEST GENERAL HOSPITAL****XX*1111111111~
CAS*CO*45*81.07~
SVC*HC:99214*283.75*202.68**1~
DTM*472*20241202~
CLP*MMC2024000408*1*277.07*197.91*0*12*CLAIMREF001*11~
CLM*MMC2024000408*277.07***19:B:1*Y*A*Y*I~
NM1*82*1*MARTINEZ*CARLOS***XX*1234567890~
NM1*77*2*ST LUKE OUTPATIENT****XX*7777777777~
CAS*CO*45*79.16~
SVC*HC:99214*277.07*197.91**1~
DTM*472*20241214~
CLP*MMC2024001014*1*144.24*103.03*0*12*CLAIMREF001*11~
CLM*MMC2024001014*144.24***22:B:1*Y*A*Y*I~
NM1*82*1*GARCIA*MARIA***XX*7890123456~
NM1*77*2*MIDWEST GENERAL HOSPITAL****XX*1111111111~
CAS*CO*45*41.21~
SVC*HC:99283*144.24*103.03**1~
DTM*472*20241227~
CLP*MMC2024000921*1*17.39*12.42*0*12*CLAIMREF001*11~
CLM*MMC2024000921*17.39***11:B:1*Y*A*Y*I~
NM1*82*1*JOHNSON*SARAH***XX*2345678901~
NM1*77*2*COMMUNITY IMAGING LLC****XX*5555555555~
CAS*CO*45*4.97~
SVC*HC:36415*17.39*12.42**1~
DTM*472*20241204~
CLP*MMC2024000874*1*32.02*22.87*0*12*CLAIMREF001*11~
CLM*MMC2024000874*32.02***24:B:1*Y*A*Y*I~
NM1*82*1*PATEL*RAJ***XX*3456789012~
NM1*77*2*ORTHO SURGICAL CENTER****XX*3333333333~
CAS*CO*45*9.15~
SVC*HC:93000*32.02*22.87**1~
DTM*472*20241224~
CLP*MMC2024000394*1*268.27*191.62*0*12*CLAIMREF001*11~
CLM*MMC2024000394*268.27***11:B:1*Y*A*Y*I~
NM1*82*1*PATEL*RAJ***XX*3456789012~
NM1*77*2*COMMUNITY IMAGING LLC****XX*5555555555~
CAS*CO*45*76.65~
SVC*HC:99214*268.27*191.62**1~
DTM*472*20241204~
CLP*MMC2024000620*1*22.90*16.36*0*12*CLAIMREF001*11~
CLM*MMC2024000620*22.90***11:B:1*Y*A*Y*I~
NM1*82*1*CHEN*LISA***XX*5678901234~
NM1*77*2*COMMUNITY IMAGING LLC****XX*5555555555~
CAS*CO*45*6.54~
SVC*HC:80053*22.90*16.36**1~
DTM*472*20241216~
CLP*MMC2024000982*1*18.49*13.21*0*12*CLAIMREF001*11~
CLM*MMC2024000982*18.49***22:B:1*Y*A*Y*I~
NM1*82*1*GARCIA*MARIA***XX*7890123456~
NM1*77*2*MIDWEST GENERAL HOSPITAL****XX*1111111111~
CAS*CO*45*5.28~
SVC*HC:36415*18.49*13.21**1~
DTM*472*20241221~
CLP*MMC2024000397*1*291.19*207.99*0*12*CLAIMREF001*11~
CLM*MMC2024000397*291.19***22:B:1*Y*A*Y*I~
NM1*82*1*THOMPSON*MICHAEL***XX*6789012345~
NM1*77*2*REGIONAL MEDICAL CENTER****XX*4444444444~
CAS*CO*45*83.20~
SVC*HC:99214*291.19*207.99**1~
DTM*472*20241201~
CLP*MMC2024000772*1*16.02*11.44*0*12*CLAIMREF001*11~
CLM*MMC2024000772*16.02***22:B:1*Y*A*Y*I~
NM1*82*1*CHEN*LISA***XX*5678901234~
NM1*77*2*REGIONAL MEDICAL CENTER****XX*4444444444~
CAS*CO*45*4.58~
SVC*HC:85025*16.02*11.44**1~
DTM*472*20241210~
CLP*MMC2024000132*1*188.50*134.64*0*12*CLAIMREF001*11~
CLM*MMC2024000132*188.50***24:B:1*Y*A*Y*I~
NM1*82*1*CHEN*LISA***XX*5678901234~
NM1*77*2*ORTHO SURGICAL CENTER****XX*3333333333~
CAS*CO*45*53.86~
SVC*HC:99213*188.50*134.64**1~
DTM*472*20241203~
CLP*MMC2024000178*1*194.01*138.58*0*12*CLAIMREF001*11~
CLM*MMC2024000178*194.01***22:B:1*Y*A*Y*I~
NM1*82*1*PATEL*RAJ***XX*3456789012~
NM1*77*2*REGIONAL MEDICAL CENTER****XX*4444444444~
CAS*CO*45*55.43~
SVC*HC:99213*194.01*138.58**1~
DTM*472*20241211~
CLP*MMC2024000593*1*478.51*341.79*0*12*CLAIMREF001*11~
CLM*MMC2024000593*478.51***11:B:1*Y*A*Y*I~
NM1*82*1*JOHNSON*SARAH***XX*2345678901~
NM1*77*2*COMMUNITY IMAGING LLC****XX*5555555555~
CAS*CO*45*136.72~
SVC*HC:99205*478.51*341.79**1~
DTM*472*20241224~
CLP*MMC2024001020*1*149.38*106.70*0*12*CLAIMREF001*11~
CLM*MMC2024001020*149.38***19:B:1*Y*A*Y*I~
NM1*82*1*CHEN*LISA***XX*5678901234~
NM1*77*2*ST LUKE OUTPATIENT****XX*7777777777~
CAS*CO*45*42.68~
SVC*HC:99283*149.38*106.70**1~
DTM*472*20241206~
CLP*MMC2024000672*1*21.32*15.23*0*12*CLAIMREF001*11~
CLM*MMC2024000672*21.32***22:B:1*Y*A*Y*I~
NM1*82*1*MARTINEZ*CARLOS***XX*1234567890~
NM1*77*2*MIDWEST GENERAL HOSPITAL****XX*1111111111~
CAS*CO*45*6.09~
SVC*HC:80053*21.32*15.23**1~
DTM*472*20241219~
CLP*MMC2024000756*1*16.09*11.49*0*12*CLAIMREF001*11~
CLM*MMC2024000756*16.09***11:B:1*Y*A*Y*I~
NM1*82*1*CHEN*LISA***XX*5678901234~
NM1*77*2*COMMUNITY IMAGING LLC****XX*5555555555~
CAS*CO*45*4.60~
SVC*HC:85025*16.09*11.49**1~
DTM*472*20241215~
CLP*MMC2024000600*1*467.14*333.67*0*12*CLAIMREF001*11~
CLM*MMC2024000600*467.14***24:B:1*Y*A*Y*I~
NM1*82*1*MARTINEZ*CARLOS***XX*1234567890~
NM1*77*2*ORTHO SURGICAL CENTER****XX*3333333333~
CAS*CO*45*133.47~
SVC*HC:99205*467.14*333.67**1~
DTM*472*20241228~
CLP*MMC2024000731*1*17.04*12.17*0*12*CLAIMREF001*11~
CLM*MMC2024000731*17.04***11:B:1*Y*A*Y*I~
NM1*82*1*WILLIAMS*JAMES***XX*4567890123~
NM1*77*2*ADVANCED IMAGING CENTER****XX*2222222222~
CAS*CO*45*4.87~
SVC*HC:85025*17.04*12.17**1~
DTM*472*20241217~
CLP*MMC2024000567*1*457.10*326.50*0*12*CLAIMREF001*11~
CLM*MMC2024000567*457.10***19:B:1*Y*A*Y*I~
NM1*82*1*ANDERSON*DAVID***XX*8901234567~
NM1*77*2*ST LUKE OUTPATIENT****XX*7777777777~
CAS*CO*45*130.60~
SVC*HC:99205*457.10*326.50**1~
DTM*472*20241217~
CLP*MMC2024000902*1*32.96*23.54*0*12*CLAIMREF001*11~
CLM*MMC2024000902*32.96***22:B:1*Y*A*Y*I~
NM1*82*1*GARCIA*MARIA***XX*7890123456~
NM1*77*2*REGIONAL MEDICAL CENTER****XX*4444444444~
CAS*CO*45*9.42~
SVC*HC:93000*32.96*23.54**1~
DTM*472*20241217~
CLP*MMC2024000979*1*18.73*13.38*0*12*CLAIMREF001*11~
CLM*MMC2024000979*18.73***11:B:1*Y*A*Y*I~
NM1*82*1*WILLIAMS*JAMES***XX*4567890123~
NM1*77*2*ADVANCED IMAGING CENTER****XX*2222222222~
CAS*CO*45*5.35~
SVC*HC:36415*18.73*13.38**1~
DTM*472*20241224~
CLP*MMC2024001070*1*142.67*101.91*0*12*CLAIMREF001*11~
CLM*MMC2024001070*142.67***24:B:1*Y*A*Y*I~
NM1*82*1*GARCIA*MARIA***XX*7890123456~
NM1*77*2*ORTHO SURGICAL CENTER****XX*3333333333~
CAS*CO*45*40.76~
SVC*HC:99232*142.67*101.91**1~
DTM*472*20241209~
CLP*MMC2024000691*1*21.52*15.37*0*12*CLAIMREF001*11~
CLM*MMC2024000691*21.52***11:B:1*Y*A*Y*I~
NM1*82*1*WILLIAMS*JAMES***XX*4567890123~
NM1*77*2*ADVANCED IMAGING CENTER****XX*2222222222~
CAS*CO*45*6.15~
SVC*HC:80053*21.52*15.37**1~
DTM*472*20241215~
CLP*MMC2024000945*1*19.22*13.73*0*12*CLAIMREF001*11~
CLM*MMC2024000945*19.22***11:B:1*Y*A*Y*I~
NM1*82*1*JOHNSON*SARAH***XX*2345678901~
NM1*77*2*COMMUNITY IMAGING LLC****XX*5555555555~
CAS*CO*45*5.49~
SVC*HC:36415*19.22*13.73**1~
DTM*472*20241226~
CLP*MMC2024000925*1*18.34*13.10*0*12*CLAIMREF001*11~
CLM*MMC2024000925*18.34***11:B:1*Y*A*Y*I~
NM1*82*1*THOMPSON*MICHAEL***XX*6789012345~
NM1*77*2*COMMUNITY IMAGING LLC****XX*5555555555~
CAS*CO*45*5.24~
SVC*HC:36415*18.34*13.10**1~
DTM*472*20241215~
CLP*MMC2024000926*1*19.18*13.70*0*12*CLAIMREF001*11~
CLM*MMC2024000926*19.18***11:B:1*Y*A*Y*I~
NM1*82*1*GARCIA*MARIA***XX*7890123456~
NM1*77*2*ADVANCED IMAGING CENTER****XX*2222222222~
CAS*CO*45*5.48~
SVC*HC:36415*19.18*13.70**1~
DTM*472*20241217~
CLP*MMC2024000631*1*21.83*15.59*0*12*CLAIMREF001*11~
CLM*MMC2024000631*21.83***11:B:1*Y*A*Y*I~
NM1*82*1*ANDERSON*DAVID***XX*8901234567~
NM1*77*2*COMMUNITY IMAGING LLC****XX*5555555555~
CAS*CO*45*6.24~
SVC*HC:80053*21.83*15.59**1~
DTM*472*20241220~
CLP*MMC2024000462*1*346.81*247.72*0*12*CLAIMREF001*11~
CLM*MMC2024000462*346.81***22:B:1*Y*A*Y*I~
NM1*82*1*GARCIA*MARIA***XX*7890123456~
NM1*77*2*MIDWEST GENERAL HOSPITAL****XX*1111111111~
CAS*CO*45*99.09~
SVC*HC:99204*346.81*247.72**1~
DTM*472*20241210~
CLP*MMC2024000896*1*32.49*23.21*0*12*CLAIMREF001*11~
CLM*MMC2024000896*32.49***11:B:1*Y*A*Y*I~
NM1*82*1*MARTINEZ*CARLOS***XX*1234567890~
NM1*77*2*ADVANCED IMAGING CENTER****XX*2222222222~
CAS*CO*45*9.28~
SVC*HC:93000*32.49*23.21**1~
DTM*472*20241204~
CLP*MMC2024000962*1*18.89*13.49*0*12*CLAIMREF001*11~
CLM*MMC2024000962*18.89***22:B:1*Y*A*Y*I~
NM1*82*1*PATEL*RAJ***XX*3456789012~
NM1*77*2*MIDWEST GENERAL HOSPITAL****XX*1111111111~
CAS*CO*45*5.40~
SVC*HC:36415*18.89*13.49**1~
DTM*472*20241225~
CLP*MMC2024000794*1*15.68*11.20*0*12*CLAIMREF001*11~
CLM*MMC2024000794*15.68***22:B:1*Y*A*Y*I~
NM1*82*1*PATEL*RAJ***XX*3456789012~
NM1*77*2*MIDWEST GENERAL HOSPITAL****XX*1111111111~
CAS*CO*45*4.48~
SVC*HC:85025*15.68*11.20**1~
DTM*472*20241217~
CLP*MMC2024000425*1*270.05*192.89*0*12*CLAIMREF001*11~
CLM*MMC2024000425*270.05***19:B:1*Y*A*Y*I~
NM1*82*1*JOHNSON*SARAH***XX*2345678901~
NM1*77*2*ST LUKE OUTPATIENT****XX*7777777777~
CAS*CO*45*77.16~
SVC*HC:99214*270.05*192.89**1~
DTM*472*20241227~
CLP*MMC2024000906*1*17.58*12.56*0*12*CLAIMREF001*11~
CLM*MMC2024000906*17.58***11:B:1*Y*A*Y*I~
NM1*82*1*PATEL*RAJ***XX*3456789012~
NM1*77*2*ADVANCED IMAGING CENTER****XX*2222222222~
CAS*CO*45*5.02~
SVC*HC:36415*17.58*12.56**1~
DTM*472*20241208~
CLP*MMC2024000738*1*16.53*11.81*0*12*CLAIMREF001*11~
CLM*MMC2024000738*16.53***11:B:1*Y*A*Y*I~
NM1*82*1*PATEL*RAJ***XX*3456789012~
NM1*77*2*ADVANCED IMAGING CENTER****XX*2222222222~
CAS*CO*45*4.72~
SVC*HC:85025*16.53*11.81**1~
DTM*472*20241216~
CLP*MMC2024000978*1*18.61*13.29*0*12*CLAIMREF001*11~
CLM*MMC2024000978*18.61***19:B:1*Y*A*Y*I~
NM1*82*1*PATEL*RAJ***XX*3456789012~
NM1*77*2*ST LUKE OUTPATIENT****XX*7777777777~
CAS*CO*45*5.32~
SVC*HC:36415*18.61*13.29**1~
DTM*472*20241210~
CLP*MMC2024000469*1*329.01*235.01*0*12*CLAIMREF001*11~
CLM*MMC2024000469*329.01***22:B:1*Y*A*Y*I~
NM1*82*1*THOMPSON*MICHAEL***XX*6789012345~
NM1*77*2*MIDWEST GENERAL HOSPITAL****XX*1111111111~
CAS*CO*45*94.00~
SVC*HC:99204*329.01*235.01**1~
DTM*472*20241217~
CLP*MMC2024000221*1*188.90*134.93*0*12*CLAIMREF001*11~
CLM*MMC2024000221*188.90***22:B:1*Y*A*Y*I~
NM1*82*1*THOMPSON*MICHAEL***XX*6789012345~
NM1*77*2*MIDWEST GENERAL HOSPITAL****XX*1111111111~
CAS*CO*45*53.97~
SVC*HC:99213*188.90*134.93**1~
DTM*472*20241206~
CLP*MMC2024000403*1*276.96*197.83*0*12*CLAIMREF001*11~
CLM*MMC2024000403*276.96***11:B:1*Y*A*Y*I~
NM1*82*1*WILLIAMS*JAMES***XX*4567890123~
NM1*77*2*COMMUNITY IMAGING LLC****XX*5555555555~
CAS*CO*45*79.13~
SVC*HC:99214*276.96*197.83**1~
DTM*472*20241206~
CLP*MMC2024000124*1*203.22*145.16*0*12*CLAIMREF001*11~
CLM*MMC2024000124*203.22***19:B:1*Y*A*Y*I~
NM1*82*1*CHEN*LISA***XX*5678901234~
NM1*77*2*ST LUKE OUTPATIENT****XX*7777777777~
CAS*CO*45*58.06~
SVC*HC:99213*203.22*145.16**1~
DTM*472*20241206~
CLP*MMC2024000939*1*17.93*12.81*0*12*CLAIMREF001*11~
CLM*MMC2024000939*17.93***22:B:1*Y*A*Y*I~
NM1*82*1*WILLIAMS*JAMES***XX*4567890123~
NM1*77*2*MIDWEST GENERAL HOSPITAL****XX*1111111111~
CAS*CO*45*5.12~
SVC*HC:36415*17.93*12.81**1~
DTM*472*20241201~
CLP*MMC2024000201*1*201.77*144.12*0*12*CLAIMREF001*11~
CLM*MMC2024000201*201.77***22:B:1*Y*A*Y*I~
NM1*82*1*JOHNSON*SARAH***XX*2345678901~
NM1*77*2*REGIONAL MEDICAL CENTER****XX*4444444444~
CAS*CO*45*57.65~
SVC*HC:99213*201.77*144.12**1~
DTM*472*20241208~
CLP*MMC2024000764*1*15.95*11.39*0*12*CLAIMREF001*11~
CLM*MMC2024000764*15.95***11:B:1*Y*A*Y*I~
NM1*82*1*CHEN*LISA***XX*5678901234~
NM1*77*2*ADVANCED IMAGING CENTER****XX*2222222222~
CAS*CO*45*4.56~
SVC*HC:85025*15.95*11.39**1~
DTM*472*20241203~
CLP*MMC2024000261*1*198.16*141.54*0*12*CLAIMREF001*11~
CLM*MMC2024000261*198.16***11:B:1*Y*A*Y*I~
NM1*82*1*THOMPSON*MICHAEL***XX*6789012345~
NM1*77*2*ADVANCED IMAGING CENTER****XX*2222222222~
CAS*CO*45*56.62~
SVC*HC:99213*198.16*141.54**1~
DTM*472*20241216~
CLP*MMC2024001044*1*141.22*100.87*0*12*CLAIMREF001*11~
CLM*MMC2024001044*141.22***22:B:1*Y*A*Y*I~
NM1*82*1*CHEN*LISA***XX*5678901234~
NM1*77*2*MIDWEST GENERAL HOSPITAL****XX*1111111111~
CAS*CO*45*40.35~
SVC*HC:99232*141.22*100.87**1~
DTM*472*20241228~
CLP*MMC2024000904*1*18.23*13.02*0*12*CLAIMREF001*11~
CLM*MMC2024000904*18.23***11:B:1*Y*A*Y*I~
NM1*82*1*MARTINEZ*CARLOS***XX*1234567890~
NM1*77*2*COMMUNITY IMAGING LLC****XX*5555555555~
CAS*CO*45*5.21~
SVC*HC:36415*18.23*13.02**1~
DTM*472*20241228~
CLP*MMC2024000144*1*188.73*134.81*0*12*CLAIMREF001*11~
CLM*MMC2024000144*188.73***19:B:1*Y*A*Y*I~
NM1*82*1*MARTINEZ*CARLOS***XX*1234567890~
NM1*77*2*ST LUKE OUTPATIENT****XX*7777777777~
CAS*CO*45*53.92~
SVC*HC:99213*188.73*134.81**1~
DTM*472*20241205~
CLP*MMC2024000505*1*331.30*236.64*0*12*CLAIMREF001*11~
CLM*MMC2024000505*331.30***24:B:1*Y*A*Y*I~
NM1*82*1*JOHNSON*SARAH***XX*2345678901~
NM1*77*2*NORTHWEST SURGICAL ASC****XX*6666666666~
CAS*CO*45*94.66~
SVC*HC:99204*331.30*236.64**1~
DTM*472*20241201~
CLP*MMC2024001029*1*142.37*101.69*0*12*CLAIMREF001*11~
CLM*MMC2024001029*142.37***22:B:1*Y*A*Y*I~
NM1*82*1*THOMPSON*MICHAEL***XX*6789012345~
NM1*77*2*MIDWEST GENERAL HOSPITAL****XX*1111111111~
CAS*CO*45*40.68~
SVC*HC:99283*142.37*101.69**1~
DTM*472*20241226~
CLP*MMC2024001005*1*147.03*105.02*0*12*CLAIMREF001*11~
CLM*MMC2024001005*147.03***19:B:1*Y*A*Y*I~
NM1*82*1*THOMPSON*MICHAEL***XX*6789012345~
NM1*77*2*ST LUKE OUTPATIENT****XX*7777777777~
CAS*CO*45*42.01~
SVC*HC:99283*147.03*105.02**1~
DTM*472*20241216~
CLP*MMC2024000864*1*32.45*23.18*0*12*CLAIMREF001*11~
CLM*MMC2024000864*32.45***19:B:1*Y*A*Y*I~
NM1*82*1*MARTINEZ*CARLOS***XX*1234567890~
NM1*77*2*ST LUKE OUTPATIENT****XX*7777777777~
CAS*CO*45*9.27~
SVC*HC:93000*32.45*23.18**1~
DTM*472*20241212~
CLP*MMC2024000986*1*17.42*12.44*0*12*CLAIMREF001*11~
CLM*MMC2024000986*17.42***11:B:1*Y*A*Y*I~
NM1*82*1*PATEL*RAJ***XX*3456789012~
NM1*77*2*ADVANCED IMAGING CENTER****XX*2222222222~
CAS*CO*45*4.98~
SVC*HC:36415*17.42*12.44**1~
DTM*472*20241212~
CLP*MMC2024000535*1*459.31*328.08*0*12*CLAIMREF001*11~
CLM*MMC2024000535*459.31***24:B:1*Y*A*Y*I~
NM1*82*1*ANDERSON*DAVID***XX*8901234567~
NM1*77*2*NORTHWEST SURGICAL ASC****XX*6666666666~
CAS*CO*45*131.23~
SVC*HC:99205*459.31*328.08**1~
DTM*472*20241206~
CLP*MMC2024000895*1*31.82*22.73*0*12*CLAIMREF001*11~
CLM*MMC2024000895*31.82***22:B:1*Y*A*Y*I~
NM1*82*1*ANDERSON*DAVID***XX*8901234567~
NM1*77*2*MIDWEST GENERAL HOSPITAL****XX*1111111111~
CAS*CO*45*9.09~
SVC*HC:93000*31.82*22.73**1~
DTM*472*20241210~
CLP*MMC2024000299*1*188.93*134.95*0*12*CLAIMREF001*11~
CLM*MMC2024000299*188.93***24:B:1*Y*A*Y*I~
NM1*82*1*WILLIAMS*JAMES***XX*4567890123~
NM1*77*2*NORTHWEST SURGICAL ASC****XX*6666666666~
CAS*CO*45*53.98~
SVC*HC:99213*188.93*134.95**1~
DTM*472*20241220~
CLP*MMC2024000998*1*17.77*12.69*0*12*CLAIMREF001*11~
CLM*MMC2024000998*17.77***11:B:1*Y*A*Y*I~
NM1*82*1*GARCIA*MARIA***XX*7890123456~
NM1*77*2*COMMUNITY IMAGING LLC****XX*5555555555~
CAS*CO*45*5.08~
SVC*HC:36415*17.77*12.69**1~
DTM*472*20241222~
CLP*MMC2024000364*1*268.42*191.73*0*12*CLAIMREF001*11~
CLM*MMC2024000364*268.42***22:B:1*Y*A*Y*I~
NM1*82*1*CHEN*LISA***XX*5678901234~
NM1*77*2*MIDWEST GENERAL HOSPITAL****XX*1111111111~
CAS*CO*45*76.69~
SVC*HC:99214*268.42*191.73**1~
DTM*472*20241216~
CLP*MMC2024000668*1*21.41*15.29*0*12*CLAIMREF001*11~
CLM*MMC2024000668*21.41***11:B:1*Y*A*Y*I~
NM1*82*1*CHEN*LISA***XX*5678901234~
NM1*77*2*COMMUNITY IMAGING LLC****XX*5555555555~
CAS*CO*45*6.12~
SVC*HC:80053*21.41*15.29**1~
DTM*472*20241214~
CLP*MMC2024000841*1*15.85*11.32*0*12*CLAIMREF001*11~
CLM*MMC2024000841*15.85***11:B:1*Y*A*Y*I~
NM1*82*1*JOHNSON*SARAH***XX*2345678901~
NM1*77*2*COMMUNITY IMAGING LLC****XX*5555555555~
CAS*CO*45*4.53~
SVC*HC:85025*15.85*11.32**1~
DTM*472*20241211~
CLP*MMC2024000228*1*187.75*134.11*0*12*CLAIMREF001*11~
CLM*MMC2024000228*187.75***24:B:1*Y*A*Y*I~
NM1*82*1*CHEN*LISA***XX*5678901234~
NM1*77*2*ORTHO SURGICAL CENTER****XX*3333333333~
CAS*CO*45*53.64~
SVC*HC:99213*187.75*134.11**1~
DTM*472*20241221~
CLP*MMC2024000100*1*887.39*633.85*0*12*CLAIMREF001*11~
CLM*MMC2024000100*887.39***22:B:1*Y*A*Y*I~
NM1*82*1*CHEN*LISA***XX*5678901234~
NM1*77*2*REGIONAL MEDICAL CENTER****XX*4444444444~
CAS*CO*45*253.54~
SVC*HC:20610*887.39*633.85**1~
DTM*472*20241222~
CLP*MMC2024000789*1*17.01*12.15*0*12*CLAIMREF001*11~
CLM*MMC2024000789*17.01***11:B:1*Y*A*Y*I~
NM1*82*1*THOMPSON*MICHAEL***XX*6789012345~
NM1*77*2*ADVANCED IMAGING CENTER****XX*2222222222~
CAS*CO*45*4.86~
SVC*HC:85025*17.01*12.15**1~
DTM*472*20241212~
CLP*MMC2024000464*1*330.75*236.25*0*12*CLAIMREF001*11~
CLM*MMC2024000464*330.75***22:B:1*Y*A*Y*I~
NM1*82*1*MARTINEZ*CARLOS***XX*1234567890~
NM1*77*2*MIDWEST GENERAL HOSPITAL****XX*1111111111~
CAS*CO*45*94.50~
SVC*HC:99204*330.75*236.25**1~
DTM*472*20241221~
CLP*MMC2024000920*1*18.03*12.88*0*12*CLAIMREF001*11~
CLM*MMC2024000920*18.03***22:B:1*Y*A*Y*I~
NM1*82*1*MARTINEZ*CARLOS***XX*1234567890~
NM1*77*2*MIDWEST GENERAL HOSPITAL****XX*1111111111~
CAS*CO*45*5.15~
SVC*HC:36415*18.03*12.88**1~
DTM*472*20241211~
CLP*MMC2024000485*1*355.43*253.88*0*12*CLAIMREF001*11~
CLM*MMC2024000485*355.43***22:B:1*Y*A*Y*I~
NM1*82*1*THOMPSON*MICHAEL***XX*6789012345~
NM1*77*2*MIDWEST GENERAL HOSPITAL****XX*1111111111~
CAS*CO*45*101.55~
SVC*HC:99204*355.43*253.88**1~
DTM*472*20241210~
CLP*MMC2024001067*1*134.44*96.03*0*12*CLAIMREF001*11~
CLM*MMC2024001067*134.44***24:B:1*Y*A*Y*I~
NM1*82*1*WILLIAMS*JAMES***XX*4567890123~
NM1*77*2*NORTHWEST SURGICAL ASC****XX*6666666666~
CAS*CO*45*38.41~
SVC*HC:99232*134.44*96.03**1~
DTM*472*20241217~
CLP*MMC2024000635*1*22.13*15.81*0*12*CLAIMREF001*11~
CLM*MMC2024000635*22.13***11:B:1*Y*A*Y*I~
NM1*82*1*WILLIAMS*JAMES***XX*4567890123~
NM1*77*2*COMMUNITY IMAGING LLC****XX*5555555555~
CAS*CO*45*6.32~
SVC*HC:80053*22.13*15.81**1~
DTM*472*20241210~
CLP*MMC2024000574*1*480.77*343.41*0*12*CLAIMREF001*11~
CLM*MMC2024000574*480.77***22:B:1*Y*A*Y*I~
NM1*82*1*GARCIA*MARIA***XX*7890123456~
NM1*77*2*MIDWEST GENERAL HOSPITAL****XX*1111111111~
CAS*CO*45*137.36~
SVC*HC:99205*480.77*343.41**1~
DTM*472*20241227~
CLP*MMC2024000340*1*268.48*191.77*0*12*CLAIMREF001*11~
CLM*MMC2024000340*268.48***24:B:1*Y*A*Y*I~
NM1*82*1*CHEN*LISA***XX*5678901234~
NM1*77*2*ORTHO SURGICAL CENTER****XX*3333333333~
CAS*CO*45*76.71~
SVC*HC:99214*268.48*191.77**1~
DTM*472*20241218~
CLP*MMC2024000466*1*338.83*242.02*0*12*CLAIMREF001*11~
CLM*MMC2024000466*338.83***11:B:1*Y*A*Y*I~
NM1*82*1*PATEL*RAJ***XX*3456789012~
NM1*77*2*ADVANCED IMAGING CENTER****XX*2222222222~
CAS*CO*45*96.81~
SVC*HC:99204*338.83*242.02**1~
DTM*472*20241207~
CLP*MMC2024000888*1*32.61*23.29*0*12*CLAIMREF001*11~
CLM*MMC2024000888*32.61***22:B:1*Y*A*Y*I~
NM1*82*1*MARTINEZ*CARLOS***XX*1234567890~
NM1*77*2*MIDWEST GENERAL HOSPITAL****XX*1111111111~
CAS*CO*45*9.32~
SVC*HC:93000*32.61*23.29**1~
DTM*472*20241221~
CLP*MMC2024000892*1*31.42*22.44*0*12*CLAIMREF001*11~
CLM*MMC2024000892*31.42***22:B:1*Y*A*Y*I~
NM1*82*1*CHEN*LISA***XX*5678901234~
NM1*77*2*MIDWEST GENERAL HOSPITAL****XX*1111111111~
CAS*CO*45*8.98~
SVC*HC:93000*31.42*22.44**1~
DTM*472*20241210~
CLP*MMC2024000373*1*274.23*195.88*0*12*CLAIMREF001*11~
CLM*MMC2024000373*274.23***11:B:1*Y*A*Y*I~
NM1*82*1*THOMPSON*MICHAEL***XX*6789012345~
NM1*77*2*ADVANCED IMAGING CENTER****XX*2222222222~
CAS*CO*45*78.35~
SVC*HC:99214*274.23*195.88**1~
DTM*472*20241203~
CLP*MMC2024000350*1*276.36*197.40*0*12*CLAIMREF001*11~
CLM*MMC2024000350*276.36***24:B:1*Y*A*Y*I~
NM1*82*1*GARCIA*MARIA***XX*7890123456~
NM1*77*2*ORTHO SURGICAL CENTER****XX*3333333333~
CAS*CO*45*78.96~
SVC*HC:99214*276.36*197.40**1~
DTM*472*20241204~
CLP*MMC2024000786*1*15.67*11.19*0*12*CLAIMREF001*11~
CLM*MMC2024000786*15.67***11:B:1*Y*A*Y*I~
NM1*82*1*PATEL*RAJ***XX*3456789012~
NM1*77*2*ADVANCED IMAGING CENTER****XX*2222222222~
CAS*CO*45*4.48~
SVC*HC:85025*15.67*11.19**1~
DTM*472*20241215~
CLP*MMC2024000212*1*188.43*134.59*0*12*CLAIMREF001*11~
CLM*MMC2024000212*188.43***22:B:1*Y*A*Y*I~
NM1*82*1*CHEN*LISA***XX*5678901234~
NM1*77*2*REGIONAL MEDICAL CENTER****XX*4444444444~
CAS*CO*45*53.84~
SVC*HC:99213*188.43*134.59**1~
DTM*472*20241203~
CLP*MMC2024000576*1*446.32*318.80*0*12*CLAIMREF001*11~
CLM*MMC2024000576*446.32***11:B:1*Y*A*Y*I~
NM1*82*1*MARTINEZ*CARLOS***XX*1234567890~
NM1*77*2*COMMUNITY IMAGING LLC****XX*5555555555~
CAS*CO*45*127.52~
SVC*HC:99205*446.32*318.80**1~
DTM*472*20241223~
CLP*MMC2024000521*1*333.21*238.01*0*12*CLAIMREF001*11~
CLM*MMC2024000521*333.21***22:B:1*Y*A*Y*I~
NM1*82*1*JOHNSON*SARAH***XX*2345678901~
NM1*77*2*MIDWEST GENERAL HOSPITAL****XX*1111111111~
CAS*CO*45*95.20~
SVC*HC:99204*333.21*238.01**1~
DTM*472*20241211~
CLP*MMC2024000312*1*265.47*189.62*0*12*CLAIMREF001*11~
CLM*MMC2024000312*265.47***22:B:1*Y*A*Y*I~
NM1*82*1*MARTINEZ*CARLOS***XX*1234567890~
NM1*77*2*MIDWEST GENERAL HOSPITAL****XX*1111111111~
CAS*CO*45*75.85~
SVC*HC:99214*265.47*189.62**1~
DTM*472*20241220~
CLP*MMC2024000653*1*21.70*15.50*0*12*CLAIMREF001*11~
CLM*MMC2024000653*21.70***19:B:1*Y*A*Y*I~
NM1*82*1*THOMPSON*MICHAEL***XX*6789012345~
NM1*77*2*ST LUKE OUTPATIENT****XX*7777777777~
CAS*CO*45*6.20~
SVC*HC:80053*21.70*15.50**1~
DTM*472*20241205~
CLP*MMC2024000733*1*16.09*11.49*0*12*CLAIMREF001*11~
CLM*MMC2024000733*16.09***11:B:1*Y*A*Y*I~
NM1*82*1*THOMPSON*MICHAEL***XX*6789012345~
NM1*77*2*ADVANCED IMAGING CENTER****XX*2222222222~
CAS*CO*45*4.60~
SVC*HC:85025*16.09*11.49**1~
DTM*472*20241212~
CLP*MMC2024000619*1*22.71*16.22*0*12*CLAIMREF001*11~
CLM*MMC2024000619*22.71***11:B:1*Y*A*Y*I~
NM1*82*1*WILLIAMS*JAMES***XX*4567890123~
NM1*77*2*COMMUNITY IMAGING LLC****XX*5555555555~
CAS*CO*45*6.49~
SVC*HC:80053*22.71*16.22**1~
DTM*472*20241217~
CLP*MMC2024000094*1*794.92*567.80*0*12*CLAIMREF001*11~
CLM*MMC2024000094*794.92***22:B:1*Y*A*Y*I~
NM1*82*1*GARCIA*MARIA***XX*7890123456~
NM1*77*2*REGIONAL MEDICAL CENTER****XX*4444444444~
CAS*CO*45*227.12~
SVC*HC:20610*794.92*567.80**1~
DTM*472*20241209~
CLP*MMC2024000001*1*11246.76*8033.40*0*12*CLAIMREF001*11~
CLM*MMC2024000001*11246.76***22:B:1*Y*A*Y*I~
NM1*82*1*JOHNSON*SARAH***XX*2345678901~
NM1*77*2*REGIONAL MEDICAL CENTER****XX*4444444444~
CAS*CO*45*3213.36~
SVC*HC:27447*11246.76*8033.40**1~
DTM*472*20241205~
CLP*MMC2024000563*1*475.22*339.44*0*12*CLAIMREF001*11~
CLM*MMC2024000563*475.22***22:B:1*Y*A*Y*I~
NM1*82*1*WILLIAMS*JAMES***XX*4567890123~
NM1*77*2*MIDWEST GENERAL HOSPITAL****XX*1111111111~
CAS*CO*45*135.78~
SVC*HC:99205*475.22*339.44**1~
DTM*472*20241212~
CLP*MMC2024000571*1*470.12*335.80*0*12*CLAIMREF001*11~
CLM*MMC2024000571*470.12***11:B:1*Y*A*Y*I~
NM1*82*1*WILLIAMS*JAMES***XX*4567890123~
NM1*77*2*COMMUNITY IMAGING LLC****XX*5555555555~
CAS*CO*45*134.32~
SVC*HC:99205*470.12*335.80**1~
DTM*472*20241205~
CLP*MMC2024000037*1*5496.33*3925.95*0*12*CLAIMREF001*11~
CLM*MMC2024000037*5496.33***24:B:1*Y*A*Y*I~
NM1*82*1*THOMPSON*MICHAEL***XX*6789012345~
NM1*77*2*NORTHWEST SURGICAL ASC****XX*6666666666~
CAS*CO*45*1570.38~
SVC*HC:27130*5496.33*3925.95**1~
DTM*472*20241226~
CLP*MMC2024000423*1*276.53*197.52*0*12*CLAIMREF001*11~
CLM*MMC2024000423*276.53***24:B:1*Y*A*Y*I~
NM1*82*1*ANDERSON*DAVID***XX*8901234567~
NM1*77*2*NORTHWEST SURGICAL ASC****XX*6666666666~
CAS*CO*45*79.01~
SVC*HC:99214*276.53*197.52**1~
DTM*472*20241210~
CLP*MMC2024000935*1*18.24*13.03*0*12*CLAIMREF001*11~
CLM*MMC2024000935*18.24***22:B:1*Y*A*Y*I~
NM1*82*1*ANDERSON*DAVID***XX*8901234567~
NM1*77*2*MIDWEST GENERAL HOSPITAL****XX*1111111111~
CAS*CO*45*5.21~
SVC*HC:36415*18.24*13.03**1~
DTM*472*20241206~
CLP*MMC2024001062*1*143.18*102.27*0*12*CLAIMREF001*11~
CLM*MMC2024001062*143.18***22:B:1*Y*A*Y*I~
NM1*82*1*GARCIA*MARIA***XX*7890123456~
NM1*77*2*REGIONAL MEDICAL CENTER****XX*4444444444~
CAS*CO*45*40.91~
SVC*HC:99232*143.18*102.27**1~
DTM*472*20241224~
CLP*MMC2024000977*1*17.98*12.84*0*12*CLAIMREF001*11~
CLM*MMC2024000977*17.98***11:B:1*Y*A*Y*I~
NM1*82*1*JOHNSON*SARAH***XX*2345678901~
NM1*77*2*COMMUNITY IMAGING LLC****XX*5555555555~
CAS*CO*45*5.14~
SVC*HC:36415*17.98*12.84**1~
DTM*472*20241208~
CLP*MMC2024000905*1*18.42*13.16*0*12*CLAIMREF001*11~
CLM*MMC2024000905*18.42***11:B:1*Y*A*Y*I~
NM1*82*1*JOHNSON*SARAH***XX*2345678901~
NM1*77*2*COMMUNITY IMAGING LLC****XX*5555555555~
CAS*CO*45*5.26~
SVC*HC:36415*18.42*13.16**1~
DTM*472*20241225~
CLP*MMC2024000863*1*32.06*22.90*0*12*CLAIMREF001*11~
CLM*MMC2024000863*32.06***22:B:1*Y*A*Y*I~
NM1*82*1*ANDERSON*DAVID***XX*8901234567~
NM1*77*2*MIDWEST GENERAL HOSPITAL****XX*1111111111~
CAS*CO*45*9.16~
SVC*HC:93000*32.06*22.90**1~
DTM*472*20241220~
CLP*MMC2024000122*1*195.89*139.92*0*12*CLAIMREF001*11~
CLM*MMC2024000122*195.89***11:B:1*Y*A*Y*I~
NM1*82*1*PATEL*RAJ***XX*3456789012~
NM1*77*2*COMMUNITY IMAGING LLC****XX*5555555555~
CAS*CO*45*55.97~
SVC*HC:99213*195.89*139.92**1~
DTM*472*20241225~
CLP*MMC2024000324*1*269.84*192.74*0*12*CLAIMREF001*11~
CLM*MMC2024000324*269.84***19:B:1*Y*A*Y*I~
NM1*82*1*CHEN*LISA***XX*5678901234~
NM1*77*2*ST LUKE OUTPATIENT****XX*7777777777~
CAS*CO*45*77.10~
SVC*HC:99214*269.84*192.74**1~
DTM*472*20241226~
CLP*MMC2024001054*1*132.37*94.55*0*12*CLAIMREF001*11~
CLM*MMC2024001054*132.37***22:B:1*Y*A*Y*I~
NM1*82*1*GARCIA*MARIA***XX*7890123456~
NM1*77*2*MIDWEST GENERAL HOSPITAL****XX*1111111111~
CAS*CO*45*37.82~
SVC*HC:99232*132.37*94.55**1~
DTM*472*20241215~
CLP*MMC2024000511*1*339.65*242.61*0*12*CLAIMREF001*11~
CLM*MMC2024000511*339.65***11:B:1*Y*A*Y*I~
NM1*82*1*ANDERSON*DAVID***XX*8901234567~
NM1*77*2*COMMUNITY IMAGING LLC****XX*5555555555~
CAS*CO*45*97.04~
SVC*HC:99204*339.65*242.61**1~
DTM*472*20241209~
CLP*MMC2024001002*1*18.61*13.29*0*12*CLAIMREF001*11~
CLM*MMC2024001002*18.61***11:B:1*Y*A*Y*I~
NM1*82*1*PATEL*RAJ***XX*3456789012~
NM1*77*2*ADVANCED IMAGING CENTER****XX*2222222222~
CAS*CO*45*5.32~
SVC*HC:36415*18.61*13.29**1~
DTM*472*20241204~
CLP*MMC2024000459*1*335.02*239.30*0*12*CLAIMREF001*11~
CLM*MMC2024000459*335.02***11:B:1*Y*A*Y*I~
NM1*82*1*WILLIAMS*JAMES***XX*4567890123~
NM1*77*2*ADVANCED IMAGING CENTER****XX*2222222222~
CAS*CO*45*95.72~
SVC*HC:99204*335.02*239.30**1~
DTM*472*20241211~
CLP*MMC2024000587*1*468.23*334.45*0*12*CLAIMREF001*11~
CLM*MMC2024000587*468.23***19:B:1*Y*A*Y*I~
NM1*82*1*WILLIAMS*JAMES***XX*4567890123~
NM1*77*2*ST LUKE OUTPATIENT****XX*7777777777~
CAS*CO*45*133.78~
SVC*HC:99205*468.23*334.45**1~
DTM*472*20241221~
CLP*MMC2024000916*1*17.92*12.80*0*12*CLAIMREF001*11~
CLM*MMC2024000916*17.92***11:B:1*Y*A*Y*I~
NM1*82*1*CHEN*LISA***XX*5678901234~
NM1*77*2*ADVANCED IMAGING CENTER****XX*2222222222~
CAS*CO*45*5.12~
SVC*HC:36415*17.92*12.80**1~
DTM*472*20241215~
CLP*MMC2024000471*1*337.93*241.38*0*12*CLAIMREF001*11~
CLM*MMC2024000471*337.93***11:B:1*Y*A*Y*I~
NM1*82*1*ANDERSON*DAVID***XX*8901234567~
NM1*77*2*ADVANCED IMAGING CENTER****XX*2222222222~
CAS*CO*45*96.55~
SVC*HC:99204*337.93*241.38**1~
DTM*472*20241220~
CLP*MMC2024000081*1*638.23*455.88*0*12*CLAIMREF001*11~
CLM*MMC2024000081*638.23***22:B:1*Y*A*Y*I~
NM1*82*1*JOHNSON*SARAH***XX*2345678901~
NM1*77*2*REGIONAL MEDICAL CENTER****XX*4444444444~
CAS*CO*45*182.35~
SVC*HC:93350*638.23*455.88**1~
DTM*472*20241212~
CLP*MMC2024000842*1*16.39*11.71*0*12*CLAIMREF001*11~
CLM*MMC2024000842*16.39***11:B:1*Y*A*Y*I~
NM1*82*1*PATEL*RAJ***XX*3456789012~
NM1*77*2*COMMUNITY IMAGING LLC****XX*5555555555~
CAS*CO*45*4.68~
SVC*HC:85025*16.39*11.71**1~
DTM*472*20241226~
CLP*MMC2024000413*1*276.28*197.34*0*12*CLAIMREF001*11~
CLM*MMC2024000413*276.28***22:B:1*Y*A*Y*I~
NM1*82*1*THOMPSON*MICHAEL***XX*6789012345~
NM1*77*2*MIDWEST GENERAL HOSPITAL****XX*1111111111~
CAS*CO*45*78.94~
SVC*HC:99214*276.28*197.34**1~
DTM*472*20241201~
CLP*MMC2024000388*1*268.66*191.90*0*12*CLAIMREF001*11~
CLM*MMC2024000388*268.66***11:B:1*Y*A*Y*I~
NM1*82*1*CHEN*LISA***XX*5678901234~
NM1*77*2*COMMUNITY IMAGING LLC****XX*5555555555~
CAS*CO*45*76.76~
SVC*HC:99214*268.66*191.90**1~
DTM*472*20241228~
CLP*MMC2024000717*1*21.98*15.70*0*12*CLAIMREF001*11~
CLM*MMC2024000717*21.98***11:B:1*Y*A*Y*I~
NM1*82*1*THOMPSON*MICHAEL***XX*6789012345~
NM1*77*2*ADVANCED IMAGING CENTER****XX*2222222222~
CAS*CO*45*6.28~
SVC*HC:80053*21.98*15.70**1~
DTM*472*20241224~
CLP*MMC2024000564*1*464.30*331.64*0*12*CLAIMREF001*11~
CLM*MMC2024000564*464.30***11:B:1*Y*A*Y*I~
NM1*82*1*CHEN*LISA***XX*5678901234~
NM1*77*2*COMMUNITY IMAGING LLC****XX*5555555555~
CAS*CO*45*132.66~
SVC*HC:99205*464.30*331.64**1~
DTM*472*20241215~
CLP*MMC2024000229*1*188.43*134.59*0*12*CLAIMREF001*11~
CLM*MMC2024000229*188.43***22:B:1*Y*A*Y*I~
NM1*82*1*THOMPSON*MICHAEL***XX*6789012345~
NM1*77*2*REGIONAL MEDICAL CENTER****XX*4444444444~
CAS*CO*45*53.84~
SVC*HC:99213*188.43*134.59**1~
DTM*472*20241227~
CLP*MMC2024000520*1*336.45*240.32*0*12*CLAIMREF001*11~
CLM*MMC2024000520*336.45***22:B:1*Y*A*Y*I~
NM1*82*1*MARTINEZ*CARLOS***XX*1234567890~
NM1*77*2*MIDWEST GENERAL HOSPITAL****XX*1111111111~
CAS*CO*45*96.13~
SVC*HC:99204*336.45*240.32**1~
DTM*472*20241226~
CLP*MMC2024000818*1*16.34*11.67*0*12*CLAIMREF001*11~
CLM*MMC2024000818*16.34***11:B:1*Y*A*Y*I~
NM1*82*1*PATEL*RAJ***XX*3456789012~
NM1*77*2*COMMUNITY IMAGING LLC****XX*5555555555~
CAS*CO*45*4.67~
SVC*HC:85025*16.34*11.67**1~
DTM*472*20241225~
CLP*MMC2024000285*1*194.68*139.06*0*12*CLAIMREF001*11~
CLM*MMC2024000285*194.68***22:B:1*Y*A*Y*I~
NM1*82*1*THOMPSON*MICHAEL***XX*6789012345~
NM1*77*2*REGIONAL MEDICAL CENTER****XX*4444444444~
CAS*CO*45*55.62~
SVC*HC:99213*194.68*139.06**1~
DTM*472*20241211~
CLP*MMC2024000843*1*16.06*11.47*0*12*CLAIMREF001*11~
CLM*MMC2024000843*16.06***11:B:1*Y*A*Y*I~
NM1*82*1*WILLIAMS*JAMES***XX*4567890123~
NM1*77*2*ADVANCED IMAGING CENTER****XX*2222222222~
CAS*CO*45*4.59~
SVC*HC:85025*16.06*11.47**1~
DTM*472*20241202~
CLP*MMC2024000247*1*200.37*143.12*0*12*CLAIMREF001*11~
CLM*MMC2024000247*200.37***22:B:1*Y*A*Y*I~
NM1*82*1*ANDERSON*DAVID***XX*8901234567~
NM1*77*2*MIDWEST GENERAL HOSPITAL****XX*1111111111~
CAS*CO*45*57.25~
SVC*HC:99213*200.37*143.12**1~
DTM*472*20241215~
CLP*MMC2024000329*1*287.70*205.50*0*12*CLAIMREF001*11~
CLM*MMC2024000329*287.70***11:B:1*Y*A*Y*I~
NM1*82*1*JOHNSON*SARAH***XX*2345678901~
NM1*77*2*COMMUNITY IMAGING LLC****XX*5555555555~
CAS*CO*45*82.20~
SVC*HC:99214*287.70*205.50**1~
DTM*472*20241203~
CLP*MMC2024000504*1*344.78*246.27*0*12*CLAIMREF001*11~
CLM*MMC2024000504*344.78***24:B:1*Y*A*Y*I~
NM1*82*1*MARTINEZ*CARLOS***XX*1234567890~
NM1*77*2*ORTHO SURGICAL CENTER****XX*3333333333~
CAS*CO*45*98.51~
SVC*HC:99204*344.78*246.27**1~
DTM*472*20241223~
CLP*MMC2024001076*1*133.00*95.00*0*12*CLAIMREF001*11~
CLM*MMC2024001076*133.00***11:B:1*Y*A*Y*I~
NM1*82*1*CHEN*LISA***XX*5678901234~
NM1*77*2*COMMUNITY IMAGING LLC****XX*5555555555~
CAS*CO*45*38.00~
SVC*HC:99232*133.00*95.00**1~
DTM*472*20241218~
CLP*MMC2024000170*1*195.92*139.94*0*12*CLAIMREF001*11~
CLM*MMC2024000170*195.92***11:B:1*Y*A*Y*I~
NM1*82*1*PATEL*RAJ***XX*3456789012~
NM1*77*2*COMMUNITY IMAGING LLC****XX*5555555555~
CAS*CO*45*55.98~
SVC*HC:99213*195.92*139.94**1~
DTM*472*20241203~
CLP*MMC2024000508*1*359.86*257.04*0*12*CLAIMREF001*11~
CLM*MMC2024000508*359.86***22:B:1*Y*A*Y*I~
NM1*82*1*CHEN*LISA***XX*5678901234~
NM1*77*2*MIDWEST GENERAL HOSPITAL****XX*1111111111~
CAS*CO*45*102.82~
SVC*HC:99204*359.86*257.04**1~
DTM*472*20241217~
CLP*MMC2024000481*1*344.48*246.06*0*12*CLAIMREF001*11~
CLM*MMC2024000481*344.48***11:B:1*Y*A*Y*I~
NM1*82*1*JOHNSON*SARAH***XX*2345678901~
NM1*77*2*ADVANCED IMAGING CENTER****XX*2222222222~
CAS*CO*45*98.42~
SVC*HC:99204*344.48*246.06**1~
DTM*472*20241227~
CLP*MMC2024000518*1*342.80*244.86*0*12*CLAIMREF001*11~
CLM*MMC2024000518*342.80***11:B:1*Y*A*Y*I~
NM1*82*1*GARCIA*MARIA***XX*7890123456~
NM1*77*2*ADVANCED IMAGING CENTER****XX*2222222222~
CAS*CO*45*97.94~
SVC*HC:99204*342.80*244.86**1~
DTM*472*20241226~
CLP*MMC2024000161*1*197.34*140.96*0*12*CLAIMREF001*11~
CLM*MMC2024000161*197.34***22:B:1*Y*A*Y*I~
NM1*82*1*JOHNSON*SARAH***XX*2345678901~
NM1*77*2*MIDWEST GENERAL HOSPITAL****XX*1111111111~
CAS*CO*45*56.38~
SVC*HC:99213*197.34*140.96**1~
DTM*472*20241225~
CLP*MMC2024000659*1*22.02*15.73*0*12*CLAIMREF001*11~
CLM*MMC2024000659*22.02***11:B:1*Y*A*Y*I~
NM1*82*1*WILLIAMS*JAMES***XX*4567890123~
NM1*77*2*COMMUNITY IMAGING LLC****XX*5555555555~
CAS*CO*45*6.29~
SVC*HC:80053*22.02*15.73**1~
DTM*472*20241222~
CLP*MMC2024000012*1*1192.00*851.43*0*12*CLAIMREF001*11~
CLM*MMC2024000012*1192.00***11:B:1*Y*A*Y*I~
NM1*82*1*CHEN*LISA***XX*5678901234~
NM1*77*2*ADVANCED IMAGING CENTER****XX*2222222222~
CAS*CO*45*340.57~
SVC*HC:29881*1192.00*851.43**1~
DTM*472*20241208~
CLP*MMC2024000056*1*562.23*401.59*0*12*CLAIMREF001*11~
CLM*MMC2024000056*562.23***11:B:1*Y*A*Y*I~
NM1*82*1*MARTINEZ*CARLOS***XX*1234567890~
NM1*77*2*ADVANCED IMAGING CENTER****XX*2222222222~
CAS*CO*45*160.64~
SVC*HC:93306*562.23*401.59**1~
DTM*472*20241202~
CLP*MMC2024000628*1*22.95*16.39*0*12*CLAIMREF001*11~
CLM*MMC2024000628*22.95***11:B:1*Y*A*Y*I~
NM1*82*1*CHEN*LISA***XX*5678901234~
NM1*77*2*ADVANCED IMAGING CENTER****XX*2222222222~
CAS*CO*45*6.56~
SVC*HC:80053*22.95*16.39**1~
DTM*472*20241217~
CLP*MMC2024000572*1*479.26*342.33*0*12*CLAIMREF001*11~
CLM*MMC2024000572*479.26***11:B:1*Y*A*Y*I~
NM1*82*1*CHEN*LISA***XX*5678901234~
NM1*77*2*ADVANCED IMAGING CENTER****XX*2222222222~
CAS*CO*45*136.93~
SVC*HC:99205*479.26*342.33**1~
DTM*472*20241225~
CLP*MMC2024000833*1*16.88*12.06*0*12*CLAIMREF001*11~
CLM*MMC2024000833*16.88***11:B:1*Y*A*Y*I~
NM1*82*1*JOHNSON*SARAH***XX*2345678901~
NM1*77*2*ADVANCED IMAGING CENTER****XX*2222222222~
CAS*CO*45*4.82~
SVC*HC:85025*16.88*12.06**1~
DTM*472*20241219~
CLP*MMC2024000784*1*16.56*11.83*0*12*CLAIMREF001*11~
CLM*MMC2024000784*16.56***11:B:1*Y*A*Y*I~
NM1*82*1*MARTINEZ*CARLOS***XX*1234567890~
NM1*77*2*COMMUNITY IMAGING LLC****XX*5555555555~
CAS*CO*45*4.73~
SVC*HC:85025*16.56*11.83**1~
DTM*472*20241225~
CLP*MMC2024000657*1*21.73*15.52*0*12*CLAIMREF001*11~
CLM*MMC2024000657*21.73***11:B:1*Y*A*Y*I~
NM1*82*1*JOHNSON*SARAH***XX*2345678901~
NM1*77*2*ADVANCED IMAGING CENTER****XX*2222222222~
CAS*CO*45*6.21~
SVC*HC:80053*21.73*15.52**1~
DTM*472*20241206~
CLP*MMC2024000976*1*18.73*13.38*0*12*CLAIMREF001*11~
CLM*MMC2024000976*18.73***11:B:1*Y*A*Y*I~
NM1*82*1*MARTINEZ*CARLOS***XX*1234567890~
NM1*77*2*COMMUNITY IMAGING LLC****XX*5555555555~
CAS*CO*45*5.35~
SVC*HC:36415*18.73*13.38**1~
DTM*472*20241221~
CLP*MMC2024000802*1*16.25*11.61*0*12*CLAIMREF001*11~
CLM*MMC2024000802*16.25***11:B:1*Y*A*Y*I~
NM1*82*1*PATEL*RAJ***XX*3456789012~
NM1*77*2*COMMUNITY IMAGING LLC****XX*5555555555~
CAS*CO*45*4.64~
SVC*HC:85025*16.25*11.61**1~
DTM*472*20241217~
CLP*MMC2024000355*1*288.41*206.01*0*12*CLAIMREF001*11~
CLM*MMC2024000355*288.41***24:B:1*Y*A*Y*I~
NM1*82*1*WILLIAMS*JAMES***XX*4567890123~
NM1*77*2*ORTHO SURGICAL CENTER****XX*3333333333~
CAS*CO*45*82.40~
SVC*HC:99214*288.41*206.01**1~
DTM*472*20241219~
CLP*MMC2024000494*1*331.38*236.70*0*12*CLAIMREF001*11~
CLM*MMC2024000494*331.38***22:B:1*Y*A*Y*I~
NM1*82*1*GARCIA*MARIA***XX*7890123456~
NM1*77*2*MIDWEST GENERAL HOSPITAL****XX*1111111111~
CAS*CO*45*94.68~
SVC*HC:99204*331.38*236.70**1~
DTM*472*20241210~
CLP*MMC2024000972*1*17.43*12.45*0*12*CLAIMREF001*11~
CLM*MMC2024000972*17.43***11:B:1*Y*A*Y*I~
NM1*82*1*CHEN*LISA***XX*5678901234~
NM1*77*2*ADVANCED IMAGING CENTER****XX*2222222222~
CAS*CO*45*4.98~
SVC*HC:36415*17.43*12.45**1~
DTM*472*20241225~
CLP*MMC2024000883*1*31.88*22.77*0*12*CLAIMREF001*11~
CLM*MMC2024000883*31.88***22:B:1*Y*A*Y*I~
NM1*82*1*WILLIAMS*JAMES***XX*4567890123~
NM1*77*2*MIDWEST GENERAL HOSPITAL****XX*1111111111~
CAS*CO*45*9.11~
SVC*HC:93000*31.88*22.77**1~
DTM*472*20241201~
CLP*MMC2024000444*1*278.14*198.67*0*12*CLAIMREF001*11~
CLM*MMC2024000444*278.14***22:B:1*Y*A*Y*I~
NM1*82*1*CHEN*LISA***XX*5678901234~
NM1*77*2*MIDWEST GENERAL HOSPITAL****XX*1111111111~
CAS*CO*45*79.47~
SVC*HC:99214*278.14*198.67**1~
DTM*472*20241202~
CLP*MMC2024000807*1*15.89*11.35*0*12*CLAIMREF001*11~
CLM*MMC2024000807*15.89***11:B:1*Y*A*Y*I~
NM1*82*1*ANDERSON*DAVID***XX*8901234567~
NM1*77*2*COMMUNITY IMAGING LLC****XX*5555555555~
CAS*CO*45*4.54~
SVC*HC:85025*15.89*11.35**1~
DTM*472*20241223~
CLP*MMC2024000634*1*21.71*15.51*0*12*CLAIMREF001*11~
CLM*MMC2024000634*21.71***11:B:1*Y*A*Y*I~
NM1*82*1*PATEL*RAJ***XX*3456789012~
NM1*77*2*COMMUNITY IMAGING LLC****XX*5555555555~
CAS*CO*45*6.20~
SVC*HC:80053*21.71*15.51**1~
DTM*472*20241211~
CLP*MMC2024000876*1*33.24*23.74*0*12*CLAIMREF001*11~
CLM*MMC2024000876*33.24***24:B:1*Y*A*Y*I~
NM1*82*1*CHEN*LISA***XX*5678901234~
NM1*77*2*ORTHO SURGICAL CENTER****XX*3333333333~
CAS*CO*45*9.50~
SVC*HC:93000*33.24*23.74**1~
DTM*472*20241216~
CLP*MMC2024000845*1*30.77*21.98*0*12*CLAIMREF001*11~
CLM*MMC2024000845*30.77***11:B:1*Y*A*Y*I~
NM1*82*1*THOMPSON*MICHAEL***XX*6789012345~
NM1*77*2*ADVANCED IMAGING CENTER****XX*2222222222~
CAS*CO*45*8.79~
SVC*HC:93000*30.77*21.98**1~
DTM*472*20241215~
CLP*MMC2024000856*1*30.39*21.71*0*12*CLAIMREF001*11~
CLM*MMC2024000856*30.39***11:B:1*Y*A*Y*I~
NM1*82*1*MARTINEZ*CARLOS***XX*1234567890~
NM1*77*2*COMMUNITY IMAGING LLC****XX*5555555555~
CAS*CO*45*8.68~
SVC*HC:93000*30.39*21.71**1~
DTM*472*20241227~
CLP*MMC2024001078*1*141.05*100.75*0*12*CLAIMREF001*11~
CLM*MMC2024001078*141.05***19:B:1*Y*A*Y*I~
NM1*82*1*GARCIA*MARIA***XX*7890123456~
NM1*77*2*ST LUKE OUTPATIENT****XX*7777777777~
CAS*CO*45*40.30~
SVC*HC:99232*141.05*100.75**1~
DTM*472*20241203~
CLP*MMC2024000347*1*277.66*198.33*0*12*CLAIMREF001*11~
CLM*MMC2024000347*277.66***24:B:1*Y*A*Y*I~
NM1*82*1*WILLIAMS*JAMES***XX*4567890123~
NM1*77*2*ORTHO SURGICAL CENTER****XX*3333333333~
CAS*CO*45*79.33~
SVC*HC:99214*277.66*198.33**1~
DTM*472*20241228~
CLP*MMC2024000835*1*15.62*11.16*0*12*CLAIMREF001*11~
CLM*MMC2024000835*15.62***11:B:1*Y*A*Y*I~
NM1*82*1*WILLIAMS*JAMES***XX*4567890123~
NM1*77*2*ADVANCED IMAGING CENTER****XX*2222222222~
CAS*CO*45*4.46~
SVC*HC:85025*15.62*11.16**1~
DTM*472*20241213~
CLP*MMC2024000932*1*18.80*13.43*0*12*CLAIMREF001*11~
CLM*MMC2024000932*18.80***11:B:1*Y*A*Y*I~
NM1*82*1*CHEN*LISA***XX*5678901234~
NM1*77*2*ADVANCED IMAGING CENTER****XX*2222222222~
CAS*CO*45*5.37~
SVC*HC:36415*18.80*13.43**1~
DTM*472*20241206~
CLP*MMC2024000579*1*482.89*344.92*0*12*CLAIMREF001*11~
CLM*MMC2024000579*482.89***22:B:1*Y*A*Y*I~
NM1*82*1*WILLIAMS*JAMES***XX*4567890123~
NM1*77*2*REGIONAL MEDICAL CENTER****XX*4444444444~
CAS*CO*45*137.97~
SVC*HC:99205*482.89*344.92**1~
DTM*472*20241205~
CLP*MMC2024001009*1*138.47*98.91*0*12*CLAIMREF001*11~
CLM*MMC2024001009*138.47***22:B:1*Y*A*Y*I~
NM1*82*1*JOHNSON*SARAH***XX*2345678901~
NM1*77*2*MIDWEST GENERAL HOSPITAL****XX*1111111111~
CAS*CO*45*39.56~
SVC*HC:99283*138.47*98.91**1~
DTM*472*20241209~
CLP*MMC2024000538*1*484.81*346.29*0*12*CLAIMREF001*11~
CLM*MMC2024000538*484.81***22:B:1*Y*A*Y*I~
NM1*82*1*PATEL*RAJ***XX*3456789012~
NM1*77*2*REGIONAL MEDICAL CENTER****XX*4444444444~
CAS*CO*45*138.52~
SVC*HC:99205*484.81*346.29**1~
DTM*472*20241221~
CLP*MMC2024000767*1*16.52*11.80*0*12*CLAIMREF001*11~
CLM*MMC2024000767*16.52***11:B:1*Y*A*Y*I~
NM1*82*1*ANDERSON*DAVID***XX*8901234567~
NM1*77*2*ADVANCED IMAGING CENTER****XX*2222222222~
CAS*CO*45*4.72~
SVC*HC:85025*16.52*11.80**1~
DTM*472*20241215~
CLP*MMC2024000722*1*21.43*15.31*0*12*CLAIMREF001*11~
CLM*MMC2024000722*21.43***11:B:1*Y*A*Y*I~
NM1*82*1*PATEL*RAJ***XX*3456789012~
NM1*77*2*ADVANCED IMAGING CENTER****XX*2222222222~
CAS*CO*45*6.12~
SVC*HC:80053*21.43*15.31**1~
DTM*472*20241205~
CLP*MMC2024000013*1*6249.52*4463.94*0*12*CLAIMREF001*11~
CLM*MMC2024000013*6249.52***22:B:1*Y*A*Y*I~
NM1*82*1*THOMPSON*MICHAEL***XX*6789012345~
NM1*77*2*MIDWEST GENERAL HOSPITAL****XX*1111111111~
CAS*CO*45*1785.58~
SVC*HC:29881*6249.52*4463.94**1~
DTM*472*20241227~
CLP*MMC2024000322*1*287.20*205.14*0*12*CLAIMREF001*11~
CLM*MMC2024000322*287.20***11:B:1*Y*A*Y*I~
NM1*82*1*PATEL*RAJ***XX*3456789012~
NM1*77*2*COMMUNITY IMAGING LLC****XX*5555555555~
CAS*CO*45*82.06~
SVC*HC:99214*287.20*205.14**1~
DTM*472*20241217~
CLP*MMC2024000671*1*22.06*15.76*0*12*CLAIMREF001*11~
CLM*MMC2024000671*22.06***11:B:1*Y*A*Y*I~
NM1*82*1*ANDERSON*DAVID***XX*8901234567~
NM1*77*2*ADVANCED IMAGING CENTER****XX*2222222222~
CAS*CO*45*6.30~
SVC*HC:80053*22.06*15.76**1~
DTM*472*20241219~
CLP*MMC2024000268*1*203.76*145.54*0*12*CLAIMREF001*11~
CLM*MMC2024000268*203.76***22:B:1*Y*A*Y*I~
NM1*82*1*CHEN*LISA***XX*5678901234~
NM1*77*2*REGIONAL MEDICAL CENTER****XX*4444444444~
CAS*CO*45*58.22~
SVC*HC:99213*203.76*145.54**1~
DTM*472*20241227~
CLP*MMC2024000065*1*420.04*300.03*0*12*CLAIMREF001*11~
CLM*MMC2024000065*420.04***22:B:1*Y*A*Y*I~
NM1*82*1*JOHNSON*SARAH***XX*2345678901~
NM1*77*2*MIDWEST GENERAL HOSPITAL****XX*1111111111~
CAS*CO*45*120.01~
SVC*HC:75571*420.04*300.03**1~
DTM*472*20241203~
CLP*MMC2024000048*1*558.25*398.75*0*12*CLAIMREF001*11~
CLM*MMC2024000048*558.25***19:B:1*Y*A*Y*I~
NM1*82*1*MARTINEZ*CARLOS***XX*1234567890~
NM1*77*2*ST LUKE OUTPATIENT****XX*7777777777~
CAS*CO*45*159.50~
SVC*HC:93306*558.25*398.75**1~
DTM*472*20241207~
CLP*MMC2024000452*1*267.60*191.14*0*12*CLAIMREF001*11~
CLM*MMC2024000452*267.60***11:B:1*Y*A*Y*I~
NM1*82*1*CHEN*LISA***XX*5678901234~
NM1*77*2*ADVANCED IMAGING CENTER****XX*2222222222~
CAS*CO*45*76.46~
SVC*HC:99214*267.60*191.14**1~
DTM*472*20241202~
CLP*MMC2024000422*1*273.98*195.70*0*12*CLAIMREF001*11~
CLM*MMC2024000422*273.98***24:B:1*Y*A*Y*I~
NM1*82*1*GARCIA*MARIA***XX*7890123456~
NM1*77*2*NORTHWEST SURGICAL ASC****XX*6666666666~
CAS*CO*45*78.28~
SVC*HC:99214*273.98*195.70**1~
DTM*472*20241219~
CLP*MMC2024000778*1*16.88*12.06*0*12*CLAIMREF001*11~
CLM*MMC2024000778*16.88***11:B:1*Y*A*Y*I~
NM1*82*1*PATEL*RAJ***XX*3456789012~
NM1*77*2*COMMUNITY IMAGING LLC****XX*5555555555~
CAS*CO*45*4.82~
SVC*HC:85025*16.88*12.06**1~
DTM*472*20241205~
CLP*MMC2024000500*1*353.02*252.16*0*12*CLAIMREF001*11~
CLM*MMC2024000500*353.02***24:B:1*Y*A*Y*I~
NM1*82*1*CHEN*LISA***XX*5678901234~
NM1*77*2*ORTHO SURGICAL CENTER****XX*3333333333~
CAS*CO*45*100.86~
SVC*HC:99204*353.02*252.16**1~
DTM*472*20241210~
CLP*MMC2024000940*1*19.14*13.67*0*12*CLAIMREF001*11~
CLM*MMC2024000940*19.14***22:B:1*Y*A*Y*I~
NM1*82*1*CHEN*LISA***XX*5678901234~
NM1*77*2*MIDWEST GENERAL HOSPITAL****XX*1111111111~
CAS*CO*45*5.47~
SVC*HC:36415*19.14*13.67**1~
DTM*472*20241204~
CLP*MMC2024000134*1*194.61*139.01*0*12*CLAIMREF001*11~
CLM*MMC2024000134*194.61***22:B:1*Y*A*Y*I~
NM1*82*1*GARCIA*MARIA***XX*7890123456~
NM1*77*2*MIDWEST GENERAL HOSPITAL****XX*1111111111~
CAS*CO*45*55.60~
SVC*HC:99213*194.61*139.01**1~
DTM*472*20241207~
CLP*MMC2024000931*1*17.82*12.73*0*12*CLAIMREF001*11~
CLM*MMC2024000931*17.82***22:B:1*Y*A*Y*I~
NM1*82*1*WILLIAMS*JAMES***XX*4567890123~
NM1*77*2*MIDWEST GENERAL HOSPITAL****XX*1111111111~
CAS*CO*45*5.09~
SVC*HC:36415*17.82*12.73**1~
DTM*472*20241225~
CLP*MMC2024000701*1*21.99*15.71*0*12*CLAIMREF001*11~
CLM*MMC2024000701*21.99***11:B:1*Y*A*Y*I~
NM1*82*1*THOMPSON*MICHAEL***XX*6789012345~
NM1*77*2*COMMUNITY IMAGING LLC****XX*5555555555~
CAS*CO*45*6.28~
SVC*HC:80053*21.99*15.71**1~
DTM*472*20241206~
CLP*MMC2024000030*1*4927.06*3519.33*0*12*CLAIMREF001*11~
CLM*MMC2024000030*4927.06***19:B:1*Y*A*Y*I~
NM1*82*1*GARCIA*MARIA***XX*7890123456~
NM1*77*2*ST LUKE OUTPATIENT****XX*7777777777~
CAS*CO*45*1407.73~
SVC*HC:73721*4927.06*3519.33**1~
DTM*472*20241218~
CLP*MMC2024000627*1*22.60*16.14*0*12*CLAIMREF001*11~
CLM*MMC2024000627*22.60***11:B:1*Y*A*Y*I~
NM1*82*1*WILLIAMS*JAMES***XX*4567890123~
NM1*77*2*COMMUNITY IMAGING LLC****XX*5555555555~
CAS*CO*45*6.46~
SVC*HC:80053*22.60*16.14**1~
DTM*472*20241228~
CLP*MMC2024000941*1*18.24*13.03*0*12*CLAIMREF001*11~
CLM*MMC2024000941*18.24***22:B:1*Y*A*Y*I~
NM1*82*1*THOMPSON*MICHAEL***XX*6789012345~
NM1*77*2*MIDWEST GENERAL HOSPITAL****XX*1111111111~
CAS*CO*45*5.21~
SVC*HC:36415*18.24*13.03**1~
DTM*472*20241204~
CLP*MMC2024001073*1*143.98*102.84*0*12*CLAIMREF001*11~
CLM*MMC2024001073*143.98***11:B:1*Y*A*Y*I~
NM1*82*1*JOHNSON*SARAH***XX*2345678901~
NM1*77*2*COMMUNITY IMAGING LLC****XX*5555555555~
CAS*CO*45*41.14~
SVC*HC:99232*143.98*102.84**1~
DTM*472*20241215~
CLP*MMC2024000626*1*21.11*15.08*0*12*CLAIMREF001*11~
CLM*MMC2024000626*21.11***11:B:1*Y*A*Y*I~
NM1*82*1*PATEL*RAJ***XX*3456789012~
NM1*77*2*ADVANCED IMAGING CENTER****XX*2222222222~
CAS*CO*45*6.03~
SVC*HC:80053*21.11*15.08**1~
DTM*472*20241214~
CLP*MMC2024000186*1*185.71*132.65*0*12*CLAIMREF001*11~
CLM*MMC2024000186*185.71***24:B:1*Y*A*Y*I~
NM1*82*1*PATEL*RAJ***XX*3456789012~
NM1*77*2*ORTHO SURGICAL CENTER****XX*3333333333~
CAS*CO*45*53.06~
SVC*HC:99213*185.71*132.65**1~
DTM*472*20241203~
CLP*MMC2024000859*1*31.60*22.57*0*12*CLAIMREF001*11~
CLM*MMC2024000859*31.60***22:B:1*Y*A*Y*I~
NM1*82*1*WILLIAMS*JAMES***XX*4567890123~
NM1*77*2*MIDWEST GENERAL HOSPITAL****XX*1111111111~
CAS*CO*45*9.03~
SVC*HC:93000*31.60*22.57**1~
DTM*472*20241204~
CLP*MMC2024000695*1*22.19*15.85*0*12*CLAIMREF001*11~
CLM*MMC2024000695*22.19***11:B:1*Y*A*Y*I~
NM1*82*1*ANDERSON*DAVID***XX*8901234567~
NM1*77*2*COMMUNITY IMAGING LLC****XX*5555555555~
CAS*CO*45*6.34~
SVC*HC:80053*22.19*15.85**1~
DTM*472*20241219~
CLP*MMC2024000583*1*481.39*343.85*0*12*CLAIMREF001*11~
CLM*MMC2024000583*481.39***22:B:1*Y*A*Y*I~
NM1*82*1*ANDERSON*DAVID***XX*8901234567~
NM1*77*2*MIDWEST GENERAL HOSPITAL****XX*1111111111~
CAS*CO*45*137.54~
SVC*HC:99205*481.39*343.85**1~
DTM*472*20241227~
CLP*MMC2024000495*1*357.88*255.63*0*12*CLAIMREF001*11~
CLM*MMC2024000495*357.88***19:B:1*Y*A*Y*I~
NM1*82*1*ANDERSON*DAVID***XX*8901234567~
NM1*77*2*ST LUKE OUTPATIENT****XX*7777777777~
CAS*CO*45*102.25~
SVC*HC:99204*357.88*255.63**1~
DTM*472*20241223~
CLP*MMC2024000605*1*22.19*15.85*0*12*CLAIMREF001*11~
CLM*MMC2024000605*22.19***22:B:1*Y*A*Y*I~
NM1*82*1*THOMPSON*MICHAEL***XX*6789012345~
NM1*77*2*MIDWEST GENERAL HOSPITAL****XX*1111111111~
CAS*CO*45*6.34~
SVC*HC:80053*22.19*15.85**1~
DTM*472*20241219~
CLP*MMC2024000969*1*17.82*12.73*0*12*CLAIMREF001*11~
CLM*MMC2024000969*17.82***11:B:1*Y*A*Y*I~
NM1*82*1*JOHNSON*SARAH***XX*2345678901~
NM1*77*2*COMMUNITY IMAGING LLC****XX*5555555555~
CAS*CO*45*5.09~
SVC*HC:36415*17.82*12.73**1~
DTM*472*20241201~
CLP*MMC2024000107*1*194.14*138.67*0*12*CLAIMREF001*11~
CLM*MMC2024000107*194.14***24:B:1*Y*A*Y*I~
NM1*82*1*WILLIAMS*JAMES***XX*4567890123~
NM1*77*2*ORTHO SURGICAL CENTER****XX*3333333333~
CAS*CO*45*55.47~
SVC*HC:99213*194.14*138.67**1~
DTM*472*20241217~
CLP*MMC2024000164*1*198.74*141.96*0*12*CLAIMREF001*11~
CLM*MMC2024000164*198.74***24:B:1*Y*A*Y*I~
NM1*82*1*CHEN*LISA***XX*5678901234~
NM1*77*2*NORTHWEST SURGICAL ASC****XX*6666666666~
CAS*CO*45*56.78~
SVC*HC:99213*198.74*141.96**1~
DTM*472*20241213~
CLP*MMC2024000061*1*418.49*298.92*0*12*CLAIMREF001*11~
CLM*MMC2024000061*418.49***22:B:1*Y*A*Y*I~
NM1*82*1*THOMPSON*MICHAEL***XX*6789012345~
NM1*77*2*REGIONAL MEDICAL CENTER****XX*4444444444~
CAS*CO*45*119.57~
SVC*HC:75571*418.49*298.92**1~
DTM*472*20241207~
CLP*MMC2024000744*1*17.07*12.19*0*12*CLAIMREF001*11~
CLM*MMC2024000744*17.07***11:B:1*Y*A*Y*I~
NM1*82*1*MARTINEZ*CARLOS***XX*1234567890~
NM1*77*2*COMMUNITY IMAGING LLC****XX*5555555555~
CAS*CO*45*4.88~
SVC*HC:85025*17.07*12.19**1~
DTM*472*20241203~
CLP*MMC2024000713*1*21.78*15.56*0*12*CLAIMREF001*11~
CLM*MMC2024000713*21.78***11:B:1*Y*A*Y*I~
NM1*82*1*JOHNSON*SARAH***XX*2345678901~
NM1*77*2*COMMUNITY IMAGING LLC****XX*5555555555~
CAS*CO*45*6.22~
SVC*HC:80053*21.78*15.56**1~
DTM*472*20241218~
CLP*MMC2024000136*1*196.91*140.65*0*12*CLAIMREF001*11~
CLM*MMC2024000136*196.91***22:B:1*Y*A*Y*I~
NM1*82*1*MARTINEZ*CARLOS***XX*1234567890~
NM1*77*2*MIDWEST GENERAL HOSPITAL****XX*1111111111~
CAS*CO*45*56.26~
SVC*HC:99213*196.91*140.65**1~
DTM*472*20241228~
CLP*MMC2024000116*1*190.27*135.91*0*12*CLAIMREF001*11~
CLM*MMC2024000116*190.27***22:B:1*Y*A*Y*I~
NM1*82*1*CHEN*LISA***XX*5678901234~
NM1*77*2*MIDWEST GENERAL HOSPITAL****XX*1111111111~
CAS*CO*45*54.36~
SVC*HC:99213*190.27*135.91**1~
DTM*472*20241225~
CLP*MMC2024000171*1*195.40*139.57*0*12*CLAIMREF001*11~
CLM*MMC2024000171*195.40***11:B:1*Y*A*Y*I~
NM1*82*1*WILLIAMS*JAMES***XX*4567890123~
NM1*77*2*COMMUNITY IMAGING LLC****XX*5555555555~
CAS*CO*45*55.83~
SVC*HC:99213*195.40*139.57**1~
DTM*472*20241201~
CLP*MMC2024000665*1*21.74*15.53*0*12*CLAIMREF001*11~
CLM*MMC2024000665*21.74***11:B:1*Y*A*Y*I~
NM1*82*1*JOHNSON*SARAH***XX*2345678901~
NM1*77*2*COMMUNITY IMAGING LLC****XX*5555555555~
CAS*CO*45*6.21~
SVC*HC:80053*21.74*15.53**1~
DTM*472*20241223~
CLP*MMC2024000432*1*279.48*199.63*0*12*CLAIMREF001*11~
CLM*MMC2024000432*279.48***11:B:1*Y*A*Y*I~
NM1*82*1*MARTINEZ*CARLOS***XX*1234567890~
NM1*77*2*COMMUNITY IMAGING LLC****XX*5555555555~
CAS*CO*45*79.85~
SVC*HC:99214*279.48*199.63**1~
DTM*472*20241212~
CLP*MMC2024000490*1*340.62*243.30*0*12*CLAIMREF001*11~
CLM*MMC2024000490*340.62***24:B:1*Y*A*Y*I~
NM1*82*1*PATEL*RAJ***XX*3456789012~
NM1*77*2*NORTHWEST SURGICAL ASC****XX*6666666666~
CAS*CO*45*97.32~
SVC*HC:99204*340.62*243.30**1~
DTM*472*20241217~
CLP*MMC2024000901*1*33.21*23.72*0*12*CLAIMREF001*11~
CLM*MMC2024000901*33.21***22:B:1*Y*A*Y*I~
NM1*82*1*THOMPSON*MICHAEL***XX*6789012345~
NM1*77*2*MIDWEST GENERAL HOSPITAL****XX*1111111111~
CAS*CO*45*9.49~
SVC*HC:93000*33.21*23.72**1~
DTM*472*20241211~
CLP*MMC2024000395*1*286.54*204.67*0*12*CLAIMREF001*11~
CLM*MMC2024000395*286.54***24:B:1*Y*A*Y*I~
NM1*82*1*WILLIAMS*JAMES***XX*4567890123~
NM1*77*2*ORTHO SURGICAL CENTER****XX*3333333333~
CAS*CO*45*81.87~
SVC*HC:99214*286.54*204.67**1~
DTM*472*20241226~
CLP*MMC2024000279*1*204.36*145.97*0*12*CLAIMREF001*11~
CLM*MMC2024000279*204.36***11:B:1*Y*A*Y*I~
NM1*82*1*ANDERSON*DAVID***XX*8901234567~
NM1*77*2*ADVANCED IMAGING CENTER****XX*2222222222~
CAS*CO*45*58.39~
SVC*HC:99213*204.36*145.97**1~
DTM*472*20241217~
CLP*MMC2024000822*1*16.93*12.09*0*12*CLAIMREF001*11~
CLM*MMC2024000822*16.93***11:B:1*Y*A*Y*I~
NM1*82*1*GARCIA*MARIA***XX*7890123456~
NM1*77*2*COMMUNITY IMAGING LLC****XX*5555555555~
CAS*CO*45*4.84~
SVC*HC:85025*16.93*12.09**1~
DTM*472*20241212~
CLP*MMC2024000410*1*277.24*198.03*0*12*CLAIMREF001*11~
CLM*MMC2024000410*277.24***22:B:1*Y*A*Y*I~
NM1*82*1*PATEL*RAJ***XX*3456789012~
NM1*77*2*REGIONAL MEDICAL CENTER****XX*4444444444~
CAS*CO*45*79.21~
SVC*HC:99214*277.24*198.03**1~
DTM*472*20241222~
CLP*MMC2024001032*1*144.21*103.01*0*12*CLAIMREF001*11~
CLM*MMC2024001032*144.21***22:B:1*Y*A*Y*I~
NM1*82*1*MARTINEZ*CARLOS***XX*1234567890~
NM1*77*2*MIDWEST GENERAL HOSPITAL****XX*1111111111~
CAS*CO*45*41.20~
SVC*HC:99283*144.21*103.01**1~
DTM*472*20241204~
CLP*MMC2024000866*1*32.34*23.10*0*12*CLAIMREF001*11~
CLM*MMC2024000866*32.34***19:B:1*Y*A*Y*I~
NM1*82*1*PATEL*RAJ***XX*3456789012~
NM1*77*2*ST LUKE OUTPATIENT****XX*7777777777~
CAS*CO*45*9.24~
SVC*HC:93000*32.34*23.10**1~
DTM*472*20241228~
CLP*MMC2024000188*1*196.35*140.25*0*12*CLAIMREF001*11~
CLM*MMC2024000188*196.35***24:B:1*Y*A*Y*I~
NM1*82*1*CHEN*LISA***XX*5678901234~
NM1*77*2*ORTHO SURGICAL CENTER****XX*3333333333~
CAS*CO*45*56.10~
SVC*HC:99213*196.35*140.25**1~
DTM*472*20241223~
CLP*MMC2024000944*1*18.47*13.19*0*12*CLAIMREF001*11~
CLM*MMC2024000944*18.47***22:B:1*Y*A*Y*I~
NM1*82*1*MARTINEZ*CARLOS***XX*1234567890~
NM1*77*2*MIDWEST GENERAL HOSPITAL****XX*1111111111~
CAS*CO*45*5.28~
SVC*HC:36415*18.47*13.19**1~
DTM*472*20241201~
CLP*MMC2024000382*1*277.16*197.97*0*12*CLAIMREF001*11~
CLM*MMC2024000382*277.16***22:B:1*Y*A*Y*I~
NM1*82*1*GARCIA*MARIA***XX*7890123456~
NM1*77*2*REGIONAL MEDICAL CENTER****XX*4444444444~
CAS*CO*45*79.19~
SVC*HC:99214*277.16*197.97**1~
DTM*472*20241212~
CLP*MMC2024000096*1*808.22*577.30*0*12*CLAIMREF001*11~
CLM*MMC2024000096*808.22***22:B:1*Y*A*Y*I~
NM1*82*1*MARTINEZ*CARLOS***XX*1234567890~
NM1*77*2*MIDWEST GENERAL HOSPITAL****XX*1111111111~
CAS*CO*45*230.92~
SVC*HC:20610*808.22*577.30**1~
DTM*472*20241219~
CLP*MMC2024000751*1*15.88*11.34*0*12*CLAIMREF001*11~
CLM*MMC2024000751*15.88***11:B:1*Y*A*Y*I~
NM1*82*1*ANDERSON*DAVID***XX*8901234567~
NM1*77*2*COMMUNITY IMAGING LLC****XX*5555555555~
CAS*CO*45*4.54~
SVC*HC:85025*15.88*11.34**1~
DTM*472*20241214~
CLP*MMC2024000275*1*202.23*144.45*0*12*CLAIMREF001*11~
CLM*MMC2024000275*202.23***24:B:1*Y*A*Y*I~
NM1*82*1*WILLIAMS*JAMES***XX*4567890123~
NM1*77*2*NORTHWEST SURGICAL ASC****XX*6666666666~
CAS*CO*45*57.78~
SVC*HC:99213*202.23*144.45**1~
DTM*472*20241202~
CLP*MMC2024000637*1*22.88*16.34*0*12*CLAIMREF001*11~
CLM*MMC2024000637*22.88***22:B:1*Y*A*Y*I~
NM1*82*1*THOMPSON*MICHAEL***XX*6789012345~
NM1*77*2*MIDWEST GENERAL HOSPITAL****XX*1111111111~
CAS*CO*45*6.54~
SVC*HC:80053*22.88*16.34**1~
DTM*472*20241210~
CLP*MMC2024000449*1*290.63*207.59*0*12*CLAIMREF001*11~
CLM*MMC2024000449*290.63***24:B:1*Y*A*Y*I~
NM1*82*1*JOHNSON*SARAH***XX*2345678901~
NM1*77*2*ORTHO SURGICAL CENTER****XX*3333333333~
CAS*CO*45*83.04~
SVC*HC:99214*290.63*207.59**1~
DTM*472*20241211~
CLP*MMC2024000980*1*17.39*12.42*0*12*CLAIMREF001*11~
CLM*MMC2024000980*17.39***11:B:1*Y*A*Y*I~
NM1*82*1*CHEN*LISA***XX*5678901234~
NM1*77*2*COMMUNITY IMAGING LLC****XX*5555555555~
CAS*CO*45*4.97~
SVC*HC:36415*17.39*12.42**1~
DTM*472*20241228~
CLP*MMC2024000337*1*288.25*205.89*0*12*CLAIMREF001*11~
CLM*MMC2024000337*288.25***22:B:1*Y*A*Y*I~
NM1*82*1*JOHNSON*SARAH***XX*2345678901~
NM1*77*2*REGIONAL MEDICAL CENTER****XX*4444444444~
CAS*CO*45*82.36~
SVC*HC:99214*288.25*205.89**1~
DTM*472*20241221~
CLP*MMC2024000175*1*188.50*134.64*0*12*CLAIMREF001*11~
CLM*MMC2024000175*188.50***11:B:1*Y*A*Y*I~
NM1*82*1*ANDERSON*DAVID***XX*8901234567~
NM1*77*2*ADVANCED IMAGING CENTER****XX*2222222222~
CAS*CO*45*53.86~
SVC*HC:99213*188.50*134.64**1~
DTM*472*20241224~
CLP*MMC2024000663*1*22.36*15.97*0*12*CLAIMREF001*11~
CLM*MMC2024000663*22.36***11:B:1*Y*A*Y*I~
NM1*82*1*ANDERSON*DAVID***XX*8901234567~
NM1*77*2*COMMUNITY IMAGING LLC****XX*5555555555~
CAS*CO*45*6.39~
SVC*HC:80053*22.36*15.97**1~
DTM*472*20241221~
CLP*MMC2024000680*1*23.27*16.62*0*12*CLAIMREF001*11~
CLM*MMC2024000680*23.27***22:B:1*Y*A*Y*I~
NM1*82*1*MARTINEZ*CARLOS***XX*1234567890~
NM1*77*2*MIDWEST GENERAL HOSPITAL****XX*1111111111~
CAS*CO*45*6.65~
SVC*HC:80053*23.27*16.62**1~
DTM*472*20241216~
CLP*MMC2024000142*1*186.07*132.91*0*12*CLAIMREF001*11~
CLM*MMC2024000142*186.07***11:B:1*Y*A*Y*I~
NM1*82*1*GARCIA*MARIA***XX*7890123456~
NM1*77*2*COMMUNITY IMAGING LLC****XX*5555555555~
CAS*CO*45*53.16~
SVC*HC:99213*186.07*132.91**1~
DTM*472*20241222~
CLP*MMC2024000886*1*31.64*22.60*0*12*CLAIMREF001*11~
CLM*MMC2024000886*31.64***22:B:1*Y*A*Y*I~
NM1*82*1*GARCIA*MARIA***XX*7890123456~
NM1*77*2*REGIONAL MEDICAL CENTER****XX*4444444444~
CAS*CO*45*9.04~
SVC*HC:93000*31.64*22.60**1~
DTM*472*20241221~
CLP*MMC2024000957*1*19.07*13.62*0*12*CLAIMREF001*11~
CLM*MMC2024000957*19.07***11:B:1*Y*A*Y*I~
NM1*82*1*THOMPSON*MICHAEL***XX*6789012345~
NM1*77*2*COMMUNITY IMAGING LLC****XX*5555555555~
CAS*CO*45*5.45~
SVC*HC:36415*19.07*13.62**1~
DTM*472*20241209~
CLP*MMC2024000777*1*15.85*11.32*0*12*CLAIMREF001*11~
CLM*MMC2024000777*15.85***11:B:1*Y*A*Y*I~
NM1*82*1*JOHNSON*SARAH***XX*2345678901~
NM1*77*2*ADVANCED IMAGING CENTER****XX*2222222222~
CAS*CO*45*4.53~
SVC*HC:85025*15.85*11.32**1~
DTM*472*20241227~
CLP*MMC2024000098*1*248.35*177.39*0*12*CLAIMREF001*11~
CLM*MMC2024000098*248.35***24:B:1*Y*A*Y*I~
NM1*82*1*PATEL*RAJ***XX*3456789012~
NM1*77*2*ORTHO SURGICAL CENTER****XX*3333333333~
CAS*CO*45*70.96~
SVC*HC:20610*248.35*177.39**1~
DTM*472*20241203~
CLP*MMC2024000900*1*31.56*22.54*0*12*CLAIMREF001*11~
CLM*MMC2024000900*31.56***22:B:1*Y*A*Y*I~
NM1*82*1*CHEN*LISA***XX*5678901234~
NM1*77*2*REGIONAL MEDICAL CENTER****XX*4444444444~
CAS*CO*45*9.02~
SVC*HC:93000*31.56*22.54**1~
DTM*472*20241224~
CLP*MMC2024000757*1*16.09*11.49*0*12*CLAIMREF001*11~
CLM*MMC2024000757*16.09***11:B:1*Y*A*Y*I~
NM1*82*1*THOMPSON*MICHAEL***XX*6789012345~
NM1*77*2*ADVANCED IMAGING CENTER****XX*2222222222~
CAS*CO*45*4.60~
SVC*HC:85025*16.09*11.49**1~
DTM*472*20241203~
CLP*MMC2024000437*1*291.80*208.43*0*12*CLAIMREF001*11~
CLM*MMC2024000437*291.80***19:B:1*Y*A*Y*I~
NM1*82*1*THOMPSON*MICHAEL***XX*6789012345~
NM1*77*2*ST LUKE OUTPATIENT****XX*7777777777~
CAS*CO*45*83.37~
SVC*HC:99214*291.80*208.43**1~
DTM*472*20241215~
CLP*MMC2024001080*1*136.08*97.20*0*12*CLAIMREF001*11~
CLM*MMC2024001080*136.08***22:B:1*Y*A*Y*I~
NM1*82*1*MARTINEZ*CARLOS***XX*1234567890~
NM1*77*2*REGIONAL MEDICAL CENTER****XX*4444444444~
CAS*CO*45*38.88~
SVC*HC:99232*136.08*97.20**1~
DTM*472*20241209~
CLP*MMC2024000694*1*21.55*15.39*0*12*CLAIMREF001*11~
CLM*MMC2024000694*21.55***22:B:1*Y*A*Y*I~
NM1*82*1*GARCIA*MARIA***XX*7890123456~
NM1*77*2*MIDWEST GENERAL HOSPITAL****XX*1111111111~
CAS*CO*45*6.16~
SVC*HC:80053*21.55*15.39**1~
DTM*472*20241205~
CLP*MMC2024000369*1*283.21*202.29*0*12*CLAIMREF001*11~
CLM*MMC2024000369*283.21***22:B:1*Y*A*Y*I~
NM1*82*1*JOHNSON*SARAH***XX*2345678901~
NM1*77*2*MIDWEST GENERAL HOSPITAL****XX*1111111111~
CAS*CO*45*80.92~
SVC*HC:99214*283.21*202.29**1~
DTM*472*20241202~
CLP*MMC2024000955*1*19.21*13.72*0*12*CLAIMREF001*11~
CLM*MMC2024000955*19.21***11:B:1*Y*A*Y*I~
NM1*82*1*WILLIAMS*JAMES***XX*4567890123~
NM1*77*2*ADVANCED IMAGING CENTER****XX*2222222222~
CAS*CO*45*5.49~
SVC*HC:36415*19.21*13.72**1~
DTM*472*20241213~
CLP*MMC2024000849*1*32.47*23.19*0*12*CLAIMREF001*11~
CLM*MMC2024000849*32.47***22:B:1*Y*A*Y*I~
NM1*82*1*JOHNSON*SARAH***XX*2345678901~
NM1*77*2*REGIONAL MEDICAL CENTER****XX*4444444444~
CAS*CO*45*9.28~
SVC*HC:93000*32.47*23.19**1~
DTM*472*20241203~
CLP*MMC2024000179*1*202.15*144.39*0*12*CLAIMREF001*11~
CLM*MMC2024000179*202.15***22:B:1*Y*A*Y*I~
NM1*82*1*WILLIAMS*JAMES***XX*4567890123~
NM1*77*2*MIDWEST GENERAL HOSPITAL****XX*1111111111~
CAS*CO*45*57.76~
SVC*HC:99213*202.15*144.39**1~
DTM*472*20241209~
CLP*MMC2024000103*1*179.14*127.96*0*12*CLAIMREF001*11~
CLM*MMC2024000103*179.14***11:B:1*Y*A*Y*I~
NM1*82*1*ANDERSON*DAVID***XX*8901234567~
NM1*77*2*ADVANCED IMAGING CENTER****XX*2222222222~
CAS*CO*45*51.18~
SVC*HC:20610*179.14*127.96**1~
DTM*472*20241210~
CLP*MMC2024000052*1*559.19*399.42*0*12*CLAIMREF001*11~
CLM*MMC2024000052*559.19***19:B:1*Y*A*Y*I~
NM1*82*1*CHEN*LISA***XX*5678901234~
NM1*77*2*ST LUKE OUTPATIENT****XX*7777777777~
CAS*CO*45*159.77~
SVC*HC:93306*559.19*399.42**1~
DTM*472*20241205~
CLP*MMC2024000476*1*347.34*248.10*0*12*CLAIMREF001*11~
CLM*MMC2024000476*347.34***19:B:1*Y*A*Y*I~
NM1*82*1*CHEN*LISA***XX*5678901234~
NM1*77*2*ST LUKE OUTPATIENT****XX*7777777777~
CAS*CO*45*99.24~
SVC*HC:99204*347.34*248.10**1~
DTM*472*20241208~
CLP*MMC2024000271*1*188.41*134.58*0*12*CLAIMREF001*11~
CLM*MMC2024000271*188.41***19:B:1*Y*A*Y*I~
NM1*82*1*ANDERSON*DAVID***XX*8901234567~
NM1*77*2*ST LUKE OUTPATIENT****XX*7777777777~
CAS*CO*45*53.83~
SVC*HC:99213*188.41*134.58**1~
DTM*472*20241212~
CLP*MMC2024000304*1*284.16*202.97*0*12*CLAIMREF001*11~
CLM*MMC2024000304*284.16***11:B:1*Y*A*Y*I~
NM1*82*1*MARTINEZ*CARLOS***XX*1234567890~
NM1*77*2*ADVANCED IMAGING CENTER****XX*2222222222~
CAS*CO*45*81.19~
SVC*HC:99214*284.16*202.97**1~
DTM*472*20241203~
CLP*MMC2024000468*1*334.15*238.68*0*12*CLAIMREF001*11~
CLM*MMC2024000468*334.15***11:B:1*Y*A*Y*I~
NM1*82*1*CHEN*LISA***XX*5678901234~
NM1*77*2*ADVANCED IMAGING CENTER****XX*2222222222~
CAS*CO*45*95.47~
SVC*HC:99204*334.15*238.68**1~
DTM*472*20241205~
CLP*MMC2024000237*1*187.29*133.78*0*12*CLAIMREF001*11~
CLM*MMC2024000237*187.29***22:B:1*Y*A*Y*I~
NM1*82*1*THOMPSON*MICHAEL***XX*6789012345~
NM1*77*2*MIDWEST GENERAL HOSPITAL****XX*1111111111~
CAS*CO*45*53.51~
SVC*HC:99213*187.29*133.78**1~
DTM*472*20241225~
CLP*MMC2024000660*1*21.28*15.20*0*12*CLAIMREF001*11~
CLM*MMC2024000660*21.28***19:B:1*Y*A*Y*I~
NM1*82*1*CHEN*LISA***XX*5678901234~
NM1*77*2*ST LUKE OUTPATIENT****XX*7777777777~
CAS*CO*45*6.08~
SVC*HC:80053*21.28*15.20**1~
DTM*472*20241211~
CLP*MMC2024001061*1*139.22*99.44*0*12*CLAIMREF001*11~
CLM*MMC2024001061*139.22***11:B:1*Y*A*Y*I~
NM1*82*1*THOMPSON*MICHAEL***XX*6789012345~
NM1*77*2*COMMUNITY IMAGING LLC****XX*5555555555~
CAS*CO*45*39.78~
SVC*HC:99232*139.22*99.44**1~
DTM*472*20241206~
CLP*MMC2024000882*1*32.12*22.94*0*12*CLAIMREF001*11~
CLM*MMC2024000882*32.12***11:B:1*Y*A*Y*I~
NM1*82*1*PATEL*RAJ***XX*3456789012~
NM1*77*2*ADVANCED IMAGING CENTER****XX*2222222222~
CAS*CO*45*9.18~
SVC*HC:93000*32.12*22.94**1~
DTM*472*20241225~
CLP*MMC2024000828*1*16.38*11.70*0*12*CLAIMREF001*11~
CLM*MMC2024000828*16.38***11:B:1*Y*A*Y*I~
NM1*82*1*CHEN*LISA***XX*5678901234~
NM1*77*2*COMMUNITY IMAGING LLC****XX*5555555555~
CAS*CO*45*4.68~
SVC*HC:85025*16.38*11.70**1~
DTM*472*20241210~
CLP*MMC2024000741*1*15.85*11.32*0*12*CLAIMREF001*11~
CLM*MMC2024000741*15.85***19:B:1*Y*A*Y*I~
NM1*82*1*THOMPSON*MICHAEL***XX*6789012345~
NM1*77*2*ST LUKE OUTPATIENT****XX*7777777777~
CAS*CO*45*4.53~
SVC*HC:85025*15.85*11.32**1~
DTM*472*20241209~
CLP*MMC2024000077*1*678.93*484.95*0*12*CLAIMREF001*11~
CLM*MMC2024000077*678.93***24:B:1*Y*A*Y*I~
NM1*82*1*THOMPSON*MICHAEL***XX*6789012345~
NM1*77*2*NORTHWEST SURGICAL ASC****XX*6666666666~
CAS*CO*45*193.98~
SVC*HC:93350*678.93*484.95**1~
DTM*472*20241218~
CLP*MMC2024000871*1*30.63*21.88*0*12*CLAIMREF001*11~
CLM*MMC2024000871*30.63***22:B:1*Y*A*Y*I~
NM1*82*1*ANDERSON*DAVID***XX*8901234567~
NM1*77*2*REGIONAL MEDICAL CENTER****XX*4444444444~
CAS*CO*45*8.75~
SVC*HC:93000*30.63*21.88**1~
DTM*472*20241225~
CLP*MMC2024001003*1*17.44*12.46*0*12*CLAIMREF001*11~
CLM*MMC2024001003*17.44***11:B:1*Y*A*Y*I~
NM1*82*1*WILLIAMS*JAMES***XX*4567890123~
NM1*77*2*COMMUNITY IMAGING LLC****XX*5555555555~
CAS*CO*45*4.98~
SVC*HC:36415*17.44*12.46**1~
DTM*472*20241203~
CLP*MMC2024000093*1*193.38*138.13*0*12*CLAIMREF001*11~
CLM*MMC2024000093*193.38***11:B:1*Y*A*Y*I~
NM1*82*1*THOMPSON*MICHAEL***XX*6789012345~
NM1*77*2*COMMUNITY IMAGING LLC****XX*5555555555~
CAS*CO*45*55.25~
SVC*HC:20610*193.38*138.13**1~
DTM*472*20241204~
CLP*MMC2024000153*1*200.14*142.96*0*12*CLAIMREF001*11~
CLM*MMC2024000153*200.14***22:B:1*Y*A*Y*I~
NM1*82*1*JOHNSON*SARAH***XX*2345678901~
NM1*77*2*MIDWEST GENERAL HOSPITAL****XX*1111111111~
CAS*CO*45*57.18~
SVC*HC:99213*200.14*142.96**1~
DTM*472*20241212~
CLP*MMC2024000506*1*347.49*248.21*0*12*CLAIMREF001*11~
CLM*MMC2024000506*347.49***24:B:1*Y*A*Y*I~
NM1*82*1*PATEL*RAJ***XX*3456789012~
NM1*77*2*ORTHO SURGICAL CENTER****XX*3333333333~
CAS*CO*45*99.28~
SVC*HC:99204*347.49*248.21**1~
DTM*472*20241219~
CLP*MMC2024000686*1*21.35*15.25*0*12*CLAIMREF001*11~
CLM*MMC2024000686*21.35***22:B:1*Y*A*Y*I~
NM1*82*1*GARCIA*MARIA***XX*7890123456~
NM1*77*2*MIDWEST GENERAL HOSPITAL****XX*1111111111~
CAS*CO*45*6.10~
SVC*HC:80053*21.35*15.25**1~
DTM*472*20241225~
CLP*MMC2024000588*1*463.92*331.37*0*12*CLAIMREF001*11~
CLM*MMC2024000588*463.92***22:B:1*Y*A*Y*I~
NM1*82*1*CHEN*LISA***XX*5678901234~
NM1*77*2*REGIONAL MEDICAL CENTER****XX*4444444444~
CAS*CO*45*132.55~
SVC*HC:99205*463.92*331.37**1~
DTM*472*20241216~
CLP*MMC2024000114*1*193.61*138.29*0*12*CLAIMREF001*11~
CLM*MMC2024000114*193.61***24:B:1*Y*A*Y*I~
NM1*82*1*PATEL*RAJ***XX*3456789012~
NM1*77*2*ORTHO SURGICAL CENTER****XX*3333333333~
CAS*CO*45*55.32~
SVC*HC:99213*193.61*138.29**1~
DTM*472*20241223~
CLP*MMC2024000092*1*852.11*608.65*0*12*CLAIMREF001*11~
CLM*MMC2024000092*852.11***22:B:1*Y*A*Y*I~
NM1*82*1*CHEN*LISA***XX*5678901234~
NM1*77*2*REGIONAL MEDICAL CENTER****XX*4444444444~
CAS*CO*45*243.46~
SVC*HC:20610*852.11*608.65**1~
DTM*472*20241217~
CLP*MMC2024001058*1*144.37*103.12*0*12*CLAIMREF001*11~
CLM*MMC2024001058*144.37***22:B:1*Y*A*Y*I~
NM1*82*1*PATEL*RAJ***XX*3456789012~
NM1*77*2*MIDWEST GENERAL HOSPITAL****XX*1111111111~
CAS*CO*45*41.25~
SVC*HC:99232*144.37*103.12**1~
DTM*472*20241208~
CLP*MMC2024000014*1*6886.35*4918.82*0*12*CLAIMREF001*11~
CLM*MMC2024000014*6886.35***22:B:1*Y*A*Y*I~
NM1*82*1*GARCIA*MARIA***XX*7890123456~
NM1*77*2*MIDWEST GENERAL HOSPITAL****XX*1111111111~
CAS*CO*45*1967.53~
SVC*HC:29881*6886.35*4918.82**1~
DTM*472*20241213~
CLP*MMC2024000003*1*11757.93*8398.52*0*12*CLAIMREF001*11~
CLM*MMC2024000003*11757.93***22:B:1*Y*A*Y*I~
NM1*82*1*WILLIAMS*JAMES***XX*4567890123~
NM1*77*2*MIDWEST GENERAL HOSPITAL****XX*1111111111~
CAS*CO*45*3359.41~
SVC*HC:27447*11757.93*8398.52**1~
DTM*472*20241223~
CLP*MMC2024000241*1*189.06*135.04*0*12*CLAIMREF001*11~
CLM*MMC2024000241*189.06***24:B:1*Y*A*Y*I~
NM1*82*1*JOHNSON*SARAH***XX*2345678901~
NM1*77*2*NORTHWEST SURGICAL ASC****XX*6666666666~
CAS*CO*45*54.02~
SVC*HC:99213*189.06*135.04**1~
DTM*472*20241221~
CLP*MMC2024000339*1*291.66*208.33*0*12*CLAIMREF001*11~
CLM*MMC2024000339*291.66***22:B:1*Y*A*Y*I~
NM1*82*1*WILLIAMS*JAMES***XX*4567890123~
NM1*77*2*REGIONAL MEDICAL CENTER****XX*4444444444~
CAS*CO*45*83.33~
SVC*HC:99214*291.66*208.33**1~
DTM*472*20241216~
CLP*MMC2024000493*1*358.34*255.96*0*12*CLAIMREF001*11~
CLM*MMC2024000493*358.34***11:B:1*Y*A*Y*I~
NM1*82*1*THOMPSON*MICHAEL***XX*6789012345~
NM1*77*2*COMMUNITY IMAGING LLC****XX*5555555555~
CAS*CO*45*102.38~
SVC*HC:99204*358.34*255.96**1~
DTM*472*20241226~
CLP*MMC2024000705*1*21.60*15.43*0*12*CLAIMREF001*11~
CLM*MMC2024000705*21.60***11:B:1*Y*A*Y*I~
NM1*82*1*JOHNSON*SARAH***XX*2345678901~
NM1*77*2*ADVANCED IMAGING CENTER****XX*2222222222~
CAS*CO*45*6.17~
SVC*HC:80053*21.60*15.43**1~
DTM*472*20241215~
CLP*MMC2024000213*1*204.92*146.37*0*12*CLAIMREF001*11~
CLM*MMC2024000213*204.92***22:B:1*Y*A*Y*I~
NM1*82*1*THOMPSON*MICHAEL***XX*6789012345~
NM1*77*2*MIDWEST GENERAL HOSPITAL****XX*1111111111~
CAS*CO*45*58.55~
SVC*HC:99213*204.92*146.37**1~
DTM*472*20241218~
CLP*MMC2024000509*1*345.06*246.47*0*12*CLAIMREF001*11~
CLM*MMC2024000509*345.06***22:B:1*Y*A*Y*I~
NM1*82*1*THOMPSON*MICHAEL***XX*6789012345~
NM1*77*2*MIDWEST GENERAL HOSPITAL****XX*1111111111~
CAS*CO*45*98.59~
SVC*HC:99204*345.06*246.47**1~
DTM*472*20241213~
CLP*MMC2024000562*1*484.20*345.86*0*12*CLAIMREF001*11~
CLM*MMC2024000562*484.20***11:B:1*Y*A*Y*I~
NM1*82*1*PATEL*RAJ***XX*3456789012~
NM1*77*2*ADVANCED IMAGING CENTER****XX*2222222222~
CAS*CO*45*138.34~
SVC*HC:99205*484.20*345.86**1~
DTM*472*20241208~
CLP*MMC2024000041*1*583.91*417.08*0*12*CLAIMREF001*11~
CLM*MMC2024000041*583.91***24:B:1*Y*A*Y*I~
NM1*82*1*JOHNSON*SARAH***XX*2345678901~
NM1*77*2*ORTHO SURGICAL CENTER****XX*3333333333~
CAS*CO*45*166.83~
SVC*HC:93306*583.91*417.08**1~
DTM*472*20241207~
CLP*MMC2024000165*1*203.90*145.64*0*12*CLAIMREF001*11~
CLM*MMC2024000165*203.90***24:B:1*Y*A*Y*I~
NM1*82*1*THOMPSON*MICHAEL***XX*6789012345~
NM1*77*2*ORTHO SURGICAL CENTER****XX*3333333333~
CAS*CO*45*58.26~
SVC*HC:99213*203.90*145.64**1~
DTM*472*20241203~
CLP*MMC2024000303*1*185.70*132.64*0*12*CLAIMREF001*11~
CLM*MMC2024000303*185.70***19:B:1*Y*A*Y*I~
NM1*82*1*ANDERSON*DAVID***XX*8901234567~
NM1*77*2*ST LUKE OUTPATIENT****XX*7777777777~
CAS*CO*45*53.06~
SVC*HC:99213*185.70*132.64**1~
DTM*472*20241210~
CLP*MMC2024000420*1*276.33*197.38*0*12*CLAIMREF001*11~
CLM*MMC2024000420*276.33***22:B:1*Y*A*Y*I~
NM1*82*1*CHEN*LISA***XX*5678901234~
NM1*77*2*MIDWEST GENERAL HOSPITAL****XX*1111111111~
CAS*CO*45*78.95~
SVC*HC:99214*276.33*197.38**1~
DTM*472*20241214~
CLP*MMC2024000721*1*22.76*16.26*0*12*CLAIMREF001*11~
CLM*MMC2024000721*22.76***11:B:1*Y*A*Y*I~
NM1*82*1*JOHNSON*SARAH***XX*2345678901~
NM1*77*2*COMMUNITY IMAGING LLC****XX*5555555555~
CAS*CO*45*6.50~
SVC*HC:80053*22.76*16.26**1~
DTM*472*20241215~
CLP*MMC2024000367*1*271.43*193.88*0*12*CLAIMREF001*11~
CLM*MMC2024000367*271.43***22:B:1*Y*A*Y*I~
NM1*82*1*ANDERSON*DAVID***XX*8901234567~
NM1*77*2*MIDWEST GENERAL HOSPITAL****XX*1111111111~
CAS*CO*45*77.55~
SVC*HC:99214*271.43*193.88**1~
DTM*472*20241224~
CLP*MMC2024000207*1*202.55*144.68*0*12*CLAIMREF001*11~
CLM*MMC2024000207*202.55***22:B:1*Y*A*Y*I~
NM1*82*1*ANDERSON*DAVID***XX*8901234567~
NM1*77*2*REGIONAL MEDICAL CENTER****XX*4444444444~
CAS*CO*45*57.87~
SVC*HC:99213*202.55*144.68**1~
DTM*472*20241216~
CLP*MMC2024000536*1*470.57*336.12*0*12*CLAIMREF001*11~
CLM*MMC2024000536*470.57***11:B:1*Y*A*Y*I~
NM1*82*1*MARTINEZ*CARLOS***XX*1234567890~
NM1*77*2*COMMUNITY IMAGING LLC****XX*5555555555~
CAS*CO*45*134.45~
SVC*HC:99205*470.57*336.12**1~
DTM*472*20241215~
CLP*MMC2024000852*1*32.61*23.29*0*12*CLAIMREF001*11~
CLM*MMC2024000852*32.61***24:B:1*Y*A*Y*I~
NM1*82*1*CHEN*LISA***XX*5678901234~
NM1*77*2*ORTHO SURGICAL CENTER****XX*3333333333~
CAS*CO*45*9.32~
SVC*HC:93000*32.61*23.29**1~
DTM*472*20241214~
CLP*MMC2024000270*1*196.97*140.69*0*12*CLAIMREF001*11~
CLM*MMC2024000270*196.97***19:B:1*Y*A*Y*I~
NM1*82*1*GARCIA*MARIA***XX*7890123456~
NM1*77*2*ST LUKE OUTPATIENT****XX*7777777777~
CAS*CO*45*56.28~
SVC*HC:99213*196.97*140.69**1~
DTM*472*20241228~
CLP*MMC2024000797*1*16.55*11.82*0*12*CLAIMREF001*11~
CLM*MMC2024000797*16.55***11:B:1*Y*A*Y*I~
NM1*82*1*THOMPSON*MICHAEL***XX*6789012345~
NM1*77*2*ADVANCED IMAGING CENTER****XX*2222222222~
CAS*CO*45*4.73~
SVC*HC:85025*16.55*11.82**1~
DTM*472*20241224~
CLP*MMC2024000988*1*18.10*12.93*0*12*CLAIMREF001*11~
CLM*MMC2024000988*18.10***11:B:1*Y*A*Y*I~
NM1*82*1*CHEN*LISA***XX*5678901234~
NM1*77*2*ADVANCED IMAGING CENTER****XX*2222222222~
CAS*CO*45*5.17~
SVC*HC:36415*18.10*12.93**1~
DTM*472*20241214~
CLP*MMC2024000624*1*21.18*15.13*0*12*CLAIMREF001*11~
CLM*MMC2024000624*21.18***11:B:1*Y*A*Y*I~
NM1*82*1*MARTINEZ*CARLOS***XX*1234567890~
NM1*77*2*COMMUNITY IMAGING LLC****XX*5555555555~
CAS*CO*45*6.05~
SVC*HC:80053*21.18*15.13**1~
DTM*472*20241205~
CLP*MMC2024000204*1*186.40*133.14*0*12*CLAIMREF001*11~
CLM*MMC2024000204*186.40***22:B:1*Y*A*Y*I~
NM1*82*1*CHEN*LISA***XX*5678901234~
NM1*77*2*MIDWEST GENERAL HOSPITAL****XX*1111111111~
CAS*CO*45*53.26~
SVC*HC:99213*186.40*133.14**1~
DTM*472*20241218~
CLP*MMC2024000510*1*356.37*254.55*0*12*CLAIMREF001*11~
CLM*MMC2024000510*356.37***22:B:1*Y*A*Y*I~
NM1*82*1*GARCIA*MARIA***XX*7890123456~
NM1*77*2*MIDWEST GENERAL HOSPITAL****XX*1111111111~
CAS*CO*45*101.82~
SVC*HC:99204*356.37*254.55**1~
DTM*472*20241221~
CLP*MMC2024000109*1*187.17*133.69*0*12*CLAIMREF001*11~
CLM*MMC2024000109*187.17***11:B:1*Y*A*Y*I~
NM1*82*1*THOMPSON*MICHAEL***XX*6789012345~
NM1*77*2*COMMUNITY IMAGING LLC****XX*5555555555~
CAS*CO*45*53.48~
SVC*HC:99213*187.17*133.69**1~
DTM*472*20241203~
CLP*MMC2024000804*1*16.14*11.53*0*12*CLAIMREF001*11~
CLM*MMC2024000804*16.14***11:B:1*Y*A*Y*I~
NM1*82*1*CHEN*LISA***XX*5678901234~
NM1*77*2*COMMUNITY IMAGING LLC****XX*5555555555~
CAS*CO*45*4.61~
SVC*HC:85025*16.14*11.53**1~
DTM*472*20241228~
CLP*MMC2024000117*1*202.31*144.51*0*12*CLAIMREF001*11~
CLM*MMC2024000117*202.31***22:B:1*Y*A*Y*I~
NM1*82*1*THOMPSON*MICHAEL***XX*6789012345~
NM1*77*2*MIDWEST GENERAL HOSPITAL****XX*1111111111~
CAS*CO*45*57.80~
SVC*HC:99213*202.31*144.51**1~
DTM*472*20241225~
CLP*MMC2024000290*1*196.07*140.05*0*12*CLAIMREF001*11~
CLM*MMC2024000290*196.07***22:B:1*Y*A*Y*I~
NM1*82*1*PATEL*RAJ***XX*3456789012~
NM1*77*2*MIDWEST GENERAL HOSPITAL****XX*1111111111~
CAS*CO*45*56.02~
SVC*HC:99213*196.07*140.05**1~
DTM*472*20241208~
CLP*MMC2024000121*1*188.12*134.37*0*12*CLAIMREF001*11~
CLM*MMC2024000121*188.12***19:B:1*Y*A*Y*I~
NM1*82*1*JOHNSON*SARAH***XX*2345678901~
NM1*77*2*ST LUKE OUTPATIENT****XX*7777777777~
CAS*CO*45*53.75~
SVC*HC:99213*188.12*134.37**1~
DTM*472*20241222~
CLP*MMC2024000633*1*21.73*15.52*0*12*CLAIMREF001*11~
CLM*MMC2024000633*21.73***22:B:1*Y*A*Y*I~
NM1*82*1*JOHNSON*SARAH***XX*2345678901~
NM1*77*2*REGIONAL MEDICAL CENTER****XX*4444444444~
CAS*CO*45*6.21~
SVC*HC:80053*21.73*15.52**1~
DTM*472*20241225~
CLP*MMC2024000737*1*16.16*11.54*0*12*CLAIMREF001*11~
CLM*MMC2024000737*16.16***11:B:1*Y*A*Y*I~
NM1*82*1*JOHNSON*SARAH***XX*2345678901~
NM1*77*2*COMMUNITY IMAGING LLC****XX*5555555555~
CAS*CO*45*4.62~
SVC*HC:85025*16.16*11.54**1~
DTM*472*20241202~
CLP*MMC2024000524*1*352.24*251.60*0*12*CLAIMREF001*11~
CLM*MMC2024000524*352.24***24:B:1*Y*A*Y*I~
NM1*82*1*CHEN*LISA***XX*5678901234~
NM1*77*2*ORTHO SURGICAL CENTER****XX*3333333333~
CAS*CO*45*100.64~
SVC*HC:99204*352.24*251.60**1~
DTM*472*20241210~
CLP*MMC2024000108*1*194.75*139.11*0*12*CLAIMREF001*11~
CLM*MMC2024000108*194.75***11:B:1*Y*A*Y*I~
NM1*82*1*CHEN*LISA***XX*5678901234~
NM1*77*2*ADVANCED IMAGING CENTER****XX*2222222222~
CAS*CO*45*55.64~
SVC*HC:99213*194.75*139.11**1~
DTM*472*20241222~
CLP*MMC2024000851*1*31.64*22.60*0*12*CLAIMREF001*11~
CLM*MMC2024000851*31.64***22:B:1*Y*A*Y*I~
NM1*82*1*WILLIAMS*JAMES***XX*4567890123~
NM1*77*2*REGIONAL MEDICAL CENTER****XX*4444444444~
CAS*CO*45*9.04~
SVC*HC:93000*31.64*22.60**1~
DTM*472*20241224~
CLP*MMC2024000429*1*267.44*191.03*0*12*CLAIMREF001*11~
CLM*MMC2024000429*267.44***22:B:1*Y*A*Y*I~
NM1*82*1*THOMPSON*MICHAEL***XX*6789012345~
NM1*77*2*REGIONAL MEDICAL CENTER****XX*4444444444~
CAS*CO*45*76.41~
SVC*HC:99214*267.44*191.03**1~
DTM*472*20241224~
CLP*MMC2024000141*1*189.80*135.57*0*12*CLAIMREF001*11~
CLM*MMC2024000141*189.80***24:B:1*Y*A*Y*I~
NM1*82*1*THOMPSON*MICHAEL***XX*6789012345~
NM1*77*2*NORTHWEST SURGICAL ASC****XX*6666666666~
CAS*CO*45*54.23~
SVC*HC:99213*189.80*135.57**1~
DTM*472*20241216~
CLP*MMC2024000718*1*21.39*15.28*0*12*CLAIMREF001*11~
CLM*MMC2024000718*21.39***11:B:1*Y*A*Y*I~
NM1*82*1*GARCIA*MARIA***XX*7890123456~
NM1*77*2*COMMUNITY IMAGING LLC****XX*5555555555~
CAS*CO*45*6.11~
SVC*HC:80053*21.39*15.28**1~
DTM*472*20241210~
CLP*MMC2024000621*1*22.88*16.34*0*12*CLAIMREF001*11~
CLM*MMC2024000621*22.88***11:B:1*Y*A*Y*I~
NM1*82*1*THOMPSON*MICHAEL***XX*6789012345~
NM1*77*2*ADVANCED IMAGING CENTER****XX*2222222222~
CAS*CO*45*6.54~
SVC*HC:80053*22.88*16.34**1~
DTM*472*20241214~
CLP*MMC2024000638*1*21.15*15.11*0*12*CLAIMREF001*11~
CLM*MMC2024000638*21.15***22:B:1*Y*A*Y*I~
NM1*82*1*GARCIA*MARIA***XX*7890123456~
NM1*77*2*MIDWEST GENERAL HOSPITAL****XX*1111111111~
CAS*CO*45*6.04~
SVC*HC:80053*21.15*15.11**1~
DTM*472*20241212~
CLP*MMC2024000277*1*203.35*145.25*0*12*CLAIMREF001*11~
CLM*MMC2024000277*203.35***24:B:1*Y*A*Y*I~
NM1*82*1*THOMPSON*MICHAEL***XX*6789012345~
NM1*77*2*NORTHWEST SURGICAL ASC****XX*6666666666~
CAS*CO*45*58.10~
SVC*HC:99213*203.35*145.25**1~
DTM*472*20241213~
CLP*MMC2024000952*1*17.93*12.81*0*12*CLAIMREF001*11~
CLM*MMC2024000952*17.93***11:B:1*Y*A*Y*I~
NM1*82*1*MARTINEZ*CARLOS***XX*1234567890~
NM1*77*2*COMMUNITY IMAGING LLC****XX*5555555555~
CAS*CO*45*5.12~
SVC*HC:36415*17.93*12.81**1~
DTM*472*20241202~
CLP*MMC2024001051*1*135.88*97.06*0*12*CLAIMREF001*11~
CLM*MMC2024001051*135.88***24:B:1*Y*A*Y*I~
NM1*82*1*WILLIAMS*JAMES***XX*4567890123~
NM1*77*2*NORTHWEST SURGICAL ASC****XX*6666666666~
CAS*CO*45*38.82~
SVC*HC:99232*135.88*97.06**1~
DTM*472*20241205~
CLP*MMC2024000104*1*193.44*138.17*0*12*CLAIMREF001*11~
CLM*MMC2024000104*193.44***22:B:1*Y*A*Y*I~
NM1*82*1*MARTINEZ*CARLOS***XX*1234567890~
NM1*77*2*MIDWEST GENERAL HOSPITAL****XX*1111111111~
CAS*CO*45*55.27~
SVC*HC:99213*193.44*138.17**1~
DTM*472*20241210~
CLP*MMC2024000907*1*18.75*13.39*0*12*CLAIMREF001*11~
CLM*MMC2024000907*18.75***11:B:1*Y*A*Y*I~
NM1*82*1*WILLIAMS*JAMES***XX*4567890123~
NM1*77*2*ADVANCED IMAGING CENTER****XX*2222222222~
CAS*CO*45*5.36~
SVC*HC:36415*18.75*13.39**1~
DTM*472*20241208~
CLP*MMC2024000431*1*269.93*192.81*0*12*CLAIMREF001*11~
CLM*MMC2024000431*269.93***22:B:1*Y*A*Y*I~
NM1*82*1*ANDERSON*DAVID***XX*8901234567~
NM1*77*2*MIDWEST GENERAL HOSPITAL****XX*1111111111~
CAS*CO*45*77.12~
SVC*HC:99214*269.93*192.81**1~
DTM*472*20241217~
CLP*MMC2024001034*1*139.90*99.93*0*12*CLAIMREF001*11~
CLM*MMC2024001034*139.90***11:B:1*Y*A*Y*I~
NM1*82*1*PATEL*RAJ***XX*3456789012~
NM1*77*2*COMMUNITY IMAGING LLC****XX*5555555555~
CAS*CO*45*39.97~
SVC*HC:99283*139.90*99.93**1~
DTM*472*20241214~
CLP*MMC2024000010*1*1383.86*988.47*0*12*CLAIMREF001*11~
CLM*MMC2024000010*1383.86***11:B:1*Y*A*Y*I~
NM1*82*1*PATEL*RAJ***XX*3456789012~
NM1*77*2*ADVANCED IMAGING CENTER****XX*2222222222~
CAS*CO*45*395.39~
SVC*HC:29881*1383.86*988.47**1~
DTM*472*20241213~
CLP*MMC2024000646*1*22.51*16.08*0*12*CLAIMREF001*11~
CLM*MMC2024000646*22.51***19:B:1*Y*A*Y*I~
NM1*82*1*GARCIA*MARIA***XX*7890123456~
NM1*77*2*ST LUKE OUTPATIENT****XX*7777777777~
CAS*CO*45*6.43~
SVC*HC:80053*22.51*16.08**1~
DTM*472*20241216~
CLP*MMC2024001072*1*144.97*103.55*0*12*CLAIMREF001*11~
CLM*MMC2024001072*144.97***22:B:1*Y*A*Y*I~
NM1*82*1*MARTINEZ*CARLOS***XX*1234567890~
NM1*77*2*REGIONAL MEDICAL CENTER****XX*4444444444~
CAS*CO*45*41.42~
SVC*HC:99232*144.97*103.55**1~
DTM*472*20241214~
CLP*MMC2024000712*1*22.41*16.01*0*12*CLAIMREF001*11~
CLM*MMC2024000712*22.41***11:B:1*Y*A*Y*I~
NM1*82*1*MARTINEZ*CARLOS***XX*1234567890~
NM1*77*2*ADVANCED IMAGING CENTER****XX*2222222222~
CAS*CO*45*6.40~
SVC*HC:80053*22.41*16.01**1~
DTM*472*20241218~
CLP*MMC2024000211*1*195.12*139.37*0*12*CLAIMREF001*11~
CLM*MMC2024000211*195.12***22:B:1*Y*A*Y*I~
NM1*82*1*WILLIAMS*JAMES***XX*4567890123~
NM1*77*2*MIDWEST GENERAL HOSPITAL****XX*1111111111~
CAS*CO*45*55.75~
SVC*HC:99213*195.12*139.37**1~
DTM*472*20241205~
CLP*MMC2024000157*1*201.89*144.21*0*12*CLAIMREF001*11~
CLM*MMC2024000157*201.89***11:B:1*Y*A*Y*I~
NM1*82*1*THOMPSON*MICHAEL***XX*6789012345~
NM1*77*2*ADVANCED IMAGING CENTER****XX*2222222222~
CAS*CO*45*57.68~
SVC*HC:99213*201.89*144.21**1~
DTM*472*20241208~
CLP*MMC2024000719*1*21.41*15.29*0*12*CLAIMREF001*11~
CLM*MMC2024000719*21.41***11:B:1*Y*A*Y*I~
NM1*82*1*ANDERSON*DAVID***XX*8901234567~
NM1*77*2*COMMUNITY IMAGING LLC****XX*5555555555~
CAS*CO*45*6.12~
SVC*HC:80053*21.41*15.29**1~
DTM*472*20241219~
CLP*MMC2024000486*1*329.25*235.18*0*12*CLAIMREF001*11~
CLM*MMC2024000486*329.25***11:B:1*Y*A*Y*I~
NM1*82*1*GARCIA*MARIA***XX*7890123456~
NM1*77*2*ADVANCED IMAGING CENTER****XX*2222222222~
CAS*CO*45*94.07~
SVC*HC:99204*329.25*235.18**1~
DTM*472*20241209~
CLP*MMC2024000259*1*193.48*138.20*0*12*CLAIMREF001*11~
CLM*MMC2024000259*193.48***24:B:1*Y*A*Y*I~
NM1*82*1*WILLIAMS*JAMES***XX*4567890123~
NM1*77*2*ORTHO SURGICAL CENTER****XX*3333333333~
CAS*CO*45*55.28~
SVC*HC:99213*193.48*138.20**1~
DTM*472*20241227~
CLP*MMC2024000561*1*455.41*325.29*0*12*CLAIMREF001*11~
CLM*MMC2024000561*455.41***24:B:1*Y*A*Y*I~
NM1*82*1*JOHNSON*SARAH***XX*2345678901~
NM1*77*2*ORTHO SURGICAL CENTER****XX*3333333333~
CAS*CO*45*130.12~
SVC*HC:99205*455.41*325.29**1~
DTM*472*20241204~
CLP*MMC2024000923*1*19.15*13.68*0*12*CLAIMREF001*11~
CLM*MMC2024000923*19.15***22:B:1*Y*A*Y*I~
NM1*82*1*WILLIAMS*JAMES***XX*4567890123~
NM1*77*2*MIDWEST GENERAL HOSPITAL****XX*1111111111~
CAS*CO*45*5.47~
SVC*HC:36415*19.15*13.68**1~
DTM*472*20241223~
CLP*MMC2024000390*1*290.81*207.72*0*12*CLAIMREF001*11~
CLM*MMC2024000390*290.81***22:B:1*Y*A*Y*I~
NM1*82*1*GARCIA*MARIA***XX*7890123456~
NM1*77*2*MIDWEST GENERAL HOSPITAL****XX*1111111111~
CAS*CO*45*83.09~
SVC*HC:99214*290.81*207.72**1~
DTM*472*20241210~
CLP*MMC2024000455*1*339.18*242.27*0*12*CLAIMREF001*11~
CLM*MMC2024000455*339.18***22:B:1*Y*A*Y*I~
NM1*82*1*ANDERSON*DAVID***XX*8901234567~
NM1*77*2*REGIONAL MEDICAL CENTER****XX*4444444444~
CAS*CO*45*96.91~
SVC*HC:99204*339.18*242.27**1~
DTM*472*20241213~
CLP*MMC2024000427*1*277.44*198.17*0*12*CLAIMREF001*11~
CLM*MMC2024000427*277.44***22:B:1*Y*A*Y*I~
NM1*82*1*WILLIAMS*JAMES***XX*4567890123~
NM1*77*2*MIDWEST GENERAL HOSPITAL****XX*1111111111~
CAS*CO*45*79.27~
SVC*HC:99214*277.44*198.17**1~
DTM*472*20241208~
CLP*MMC2024000119*1*204.22*145.87*0*12*CLAIMREF001*11~
CLM*MMC2024000119*204.22***19:B:1*Y*A*Y*I~
NM1*82*1*ANDERSON*DAVID***XX*8901234567~
NM1*77*2*ST LUKE OUTPATIENT****XX*7777777777~
CAS*CO*45*58.35~
SVC*HC:99213*204.22*145.87**1~
DTM*472*20241202~
CLP*MMC2024000707*1*21.66*15.47*0*12*CLAIMREF001*11~
CLM*MMC2024000707*21.66***11:B:1*Y*A*Y*I~
NM1*82*1*WILLIAMS*JAMES***XX*4567890123~
NM1*77*2*ADVANCED IMAGING CENTER****XX*2222222222~
CAS*CO*45*6.19~
SVC*HC:80053*21.66*15.47**1~
DTM*472*20241228~
CLP*MMC2024000908*1*17.47*12.48*0*12*CLAIMREF001*11~
CLM*MMC2024000908*17.47***11:B:1*Y*A*Y*I~
NM1*82*1*CHEN*LISA***XX*5678901234~
NM1*77*2*ADVANCED IMAGING CENTER****XX*2222222222~
CAS*CO*45*4.99~
SVC*HC:36415*17.47*12.48**1~
DTM*472*20241206~
CLP*MMC2024000021*1*4495.86*3211.33*0*12*CLAIMREF001*11~
CLM*MMC2024000021*4495.86***22:B:1*Y*A*Y*I~
NM1*82*1*THOMPSON*MICHAEL***XX*6789012345~
NM1*77*2*MIDWEST GENERAL HOSPITAL****XX*1111111111~
CAS*CO*45*1284.53~
SVC*HC:73721*4495.86*3211.33**1~
DTM*472*20241218~
CLP*MMC2024000857*1*30.76*21.97*0*12*CLAIMREF001*11~
CLM*MMC2024000857*30.76***24:B:1*Y*A*Y*I~
NM1*82*1*JOHNSON*SARAH***XX*2345678901~
NM1*77*2*NORTHWEST SURGICAL ASC****XX*6666666666~
CAS*CO*45*8.79~
SVC*HC:93000*30.76*21.97**1~
DTM*472*20241223~
CLP*MMC2024000670*1*21.62*15.44*0*12*CLAIMREF001*11~
CLM*MMC2024000670*21.62***11:B:1*Y*A*Y*I~
NM1*82*1*GARCIA*MARIA***XX*7890123456~
NM1*77*2*ADVANCED IMAGING CENTER****XX*2222222222~
CAS*CO*45*6.18~
SVC*HC:80053*21.62*15.44**1~
DTM*472*20241217~
CLP*MMC2024001035*1*139.59*99.71*0*12*CLAIMREF001*11~
CLM*MMC2024001035*139.59***19:B:1*Y*A*Y*I~
NM1*82*1*WILLIAMS*JAMES***XX*4567890123~
NM1*77*2*ST LUKE OUTPATIENT****XX*7777777777~
CAS*CO*45*39.88~
SVC*HC:99283*139.59*99.71**1~
DTM*472*20241219~
CLP*MMC2024000678*1*21.63*15.45*0*12*CLAIMREF001*11~
CLM*MMC2024000678*21.63***11:B:1*Y*A*Y*I~
NM1*82*1*GARCIA*MARIA***XX*7890123456~
NM1*77*2*ADVANCED IMAGING CENTER****XX*2222222222~
CAS*CO*45*6.18~
SVC*HC:80053*21.63*15.45**1~
DTM*472*20241219~
CLP*MMC2024000947*1*17.47*12.48*0*12*CLAIMREF001*11~
CLM*MMC2024000947*17.47***11:B:1*Y*A*Y*I~
NM1*82*1*WILLIAMS*JAMES***XX*4567890123~
NM1*77*2*ADVANCED IMAGING CENTER****XX*2222222222~
CAS*CO*45*4.99~
SVC*HC:36415*17.47*12.48**1~
DTM*472*20241219~
CLP*MMC2024000609*1*23.03*16.45*0*12*CLAIMREF001*11~
CLM*MMC2024000609*23.03***11:B:1*Y*A*Y*I~
NM1*82*1*JOHNSON*SARAH***XX*2345678901~
NM1*77*2*COMMUNITY IMAGING LLC****XX*5555555555~
CAS*CO*45*6.58~
SVC*HC:80053*23.03*16.45**1~
DTM*472*20241212~
CLP*MMC2024000050*1*556.71*397.65*0*12*CLAIMREF001*11~
CLM*MMC2024000050*556.71***24:B:1*Y*A*Y*I~
NM1*82*1*PATEL*RAJ***XX*3456789012~
NM1*77*2*NORTHWEST SURGICAL ASC****XX*6666666666~
CAS*CO*45*159.06~
SVC*HC:93306*556.71*397.65**1~
DTM*472*20241209~
CLP*MMC2024000639*1*23.11*16.51*0*12*CLAIMREF001*11~
CLM*MMC2024000639*23.11***11:B:1*Y*A*Y*I~
NM1*82*1*ANDERSON*DAVID***XX*8901234567~
NM1*77*2*COMMUNITY IMAGING LLC****XX*5555555555~
CAS*CO*45*6.60~
SVC*HC:80053*23.11*16.51**1~
DTM*472*20241207~
CLP*MMC2024000548*1*445.07*317.91*0*12*CLAIMREF001*11~
CLM*MMC2024000548*445.07***11:B:1*Y*A*Y*I~
NM1*82*1*CHEN*LISA***XX*5678901234~
NM1*77*2*COMMUNITY IMAGING LLC****XX*5555555555~
CAS*CO*45*127.16~
SVC*HC:99205*445.07*317.91**1~
DTM*472*20241213~
CLP*MMC2024000790*1*16.02*11.44*0*12*CLAIMREF001*11~
CLM*MMC2024000790*16.02***11:B:1*Y*A*Y*I~
NM1*82*1*GARCIA*MARIA***XX*7890123456~
NM1*77*2*ADVANCED IMAGING CENTER****XX*2222222222~
CAS*CO*45*4.58~
SVC*HC:85025*16.02*11.44**1~
DTM*472*20241217~
CLP*MMC2024000262*1*203.73*145.52*0*12*CLAIMREF001*11~
CLM*MMC2024000262*203.73***22:B:1*Y*A*Y*I~
NM1*82*1*GARCIA*MARIA***XX*7890123456~
NM1*77*2*REGIONAL MEDICAL CENTER****XX*4444444444~
CAS*CO*45*58.21~
SVC*HC:99213*203.73*145.52**1~
DTM*472*20241217~
CLP*MMC2024000656*1*21.64*15.46*0*12*CLAIMREF001*11~
CLM*MMC2024000656*21.64***11:B:1*Y*A*Y*I~
NM1*82*1*MARTINEZ*CARLOS***XX*1234567890~
NM1*77*2*COMMUNITY IMAGING LLC****XX*5555555555~
CAS*CO*45*6.18~
SVC*HC:80053*21.64*15.46**1~
DTM*472*20241226~
CLP*MMC2024000898*1*30.41*21.72*0*12*CLAIMREF001*11~
CLM*MMC2024000898*30.41***19:B:1*Y*A*Y*I~
NM1*82*1*PATEL*RAJ***XX*3456789012~
NM1*77*2*ST LUKE OUTPATIENT****XX*7777777777~
CAS*CO*45*8.69~
SVC*HC:93000*30.41*21.72**1~
DTM*472*20241212~
CLP*MMC2024000385*1*277.30*198.07*0*12*CLAIMREF001*11~
CLM*MMC2024000385*277.30***11:B:1*Y*A*Y*I~
NM1*82*1*JOHNSON*SARAH***XX*2345678901~
NM1*77*2*COMMUNITY IMAGING LLC****XX*5555555555~
CAS*CO*45*79.23~
SVC*HC:99214*277.30*198.07**1~
DTM*472*20241226~
CLP*MMC2024000990*1*18.91*13.51*0*12*CLAIMREF001*11~
CLM*MMC2024000990*18.91***11:B:1*Y*A*Y*I~
NM1*82*1*GARCIA*MARIA***XX*7890123456~
NM1*77*2*ADVANCED IMAGING CENTER****XX*2222222222~
CAS*CO*45*5.40~
SVC*HC:36415*18.91*13.51**1~
DTM*472*20241206~
CLP*MMC2024000812*1*16.30*11.64*0*12*CLAIMREF001*11~
CLM*MMC2024000812*16.30***11:B:1*Y*A*Y*I~
NM1*82*1*CHEN*LISA***XX*5678901234~
NM1*77*2*COMMUNITY IMAGING LLC****XX*5555555555~
CAS*CO*45*4.66~
SVC*HC:85025*16.30*11.64**1~
DTM*472*20241218~
CLP*MMC2024000667*1*22.43*16.02*0*12*CLAIMREF001*11~
CLM*MMC2024000667*22.43***11:B:1*Y*A*Y*I~
NM1*82*1*WILLIAMS*JAMES***XX*4567890123~
NM1*77*2*ADVANCED IMAGING CENTER****XX*2222222222~
CAS*CO*45*6.41~
SVC*HC:80053*22.43*16.02**1~
DTM*472*20241216~
CLP*MMC2024000729*1*15.53*11.09*0*12*CLAIMREF001*11~
CLM*MMC2024000729*15.53***11:B:1*Y*A*Y*I~
NM1*82*1*JOHNSON*SARAH***XX*2345678901~
NM1*77*2*COMMUNITY IMAGING LLC****XX*5555555555~
CAS*CO*45*4.44~
SVC*HC:85025*15.53*11.09**1~
DTM*472*20241201~
CLP*MMC2024000376*1*279.36*199.54*0*12*CLAIMREF001*11~
CLM*MMC2024000376*279.36***24:B:1*Y*A*Y*I~
NM1*82*1*MARTINEZ*CARLOS***XX*1234567890~
NM1*77*2*NORTHWEST SURGICAL ASC****XX*6666666666~
CAS*CO*45*79.82~
SVC*HC:99214*279.36*199.54**1~
DTM*472*20241204~
CLP*MMC2024000127*1*197.96*141.40*0*12*CLAIMREF001*11~
CLM*MMC2024000127*197.96***19:B:1*Y*A*Y*I~
NM1*82*1*ANDERSON*DAVID***XX*8901234567~
NM1*77*2*ST LUKE OUTPATIENT****XX*7777777777~
CAS*CO*45*56.56~
SVC*HC:99213*197.96*141.40**1~
DTM*472*20241221~
CLP*MMC2024000174*1*202.92*144.94*0*12*CLAIMREF001*11~
CLM*MMC2024000174*202.92***19:B:1*Y*A*Y*I~
NM1*82*1*GARCIA*MARIA***XX*7890123456~
NM1*77*2*ST LUKE OUTPATIENT****XX*7777777777~
CAS*CO*45*57.98~
SVC*HC:99213*202.92*144.94**1~
DTM*472*20241223~
CLP*MMC2024000517*1*348.45*248.89*0*12*CLAIMREF001*11~
CLM*MMC2024000517*348.45***19:B:1*Y*A*Y*I~
NM1*82*1*THOMPSON*MICHAEL***XX*6789012345~
NM1*77*2*ST LUKE OUTPATIENT****XX*7777777777~
CAS*CO*45*99.56~
SVC*HC:99204*348.45*248.89**1~
DTM*472*20241223~
CLP*MMC2024000604*1*23.02*16.44*0*12*CLAIMREF001*11~
CLM*MMC2024000604*23.02***11:B:1*Y*A*Y*I~
NM1*82*1*CHEN*LISA***XX*5678901234~
NM1*77*2*ADVANCED IMAGING CENTER****XX*2222222222~
CAS*CO*45*6.58~
SVC*HC:80053*23.02*16.44**1~
DTM*472*20241213~
CLP*MMC2024000023*1*4564.78*3260.56*0*12*CLAIMREF001*11~
CLM*MMC2024000023*4564.78***22:B:1*Y*A*Y*I~
NM1*82*1*ANDERSON*DAVID***XX*8901234567~
NM1*77*2*REGIONAL MEDICAL CENTER****XX*4444444444~
CAS*CO*45*1304.22~
SVC*HC:73721*4564.78*3260.56**1~
DTM*472*20241225~
CLP*MMC2024000985*1*18.55*13.25*0*12*CLAIMREF001*11~
CLM*MMC2024000985*18.55***22:B:1*Y*A*Y*I~
NM1*82*1*JOHNSON*SARAH***XX*2345678901~
NM1*77*2*REGIONAL MEDICAL CENTER****XX*4444444444~
CAS*CO*45*5.30~
SVC*HC:36415*18.55*13.25**1~
DTM*472*20241215~
CLP*MMC2024000217*1*196.62*140.44*0*12*CLAIMREF001*11~
CLM*MMC2024000217*196.62***22:B:1*Y*A*Y*I~
NM1*82*1*JOHNSON*SARAH***XX*2345678901~
NM1*77*2*MIDWEST GENERAL HOSPITAL****XX*1111111111~
CAS*CO*45*56.18~
SVC*HC:99213*196.62*140.44**1~
DTM*472*20241220~
CLP*MMC2024000135*1*201.78*144.13*0*12*CLAIMREF001*11~
CLM*MMC2024000135*201.78***24:B:1*Y*A*Y*I~
NM1*82*1*ANDERSON*DAVID***XX*8901234567~
NM1*77*2*NORTHWEST SURGICAL ASC****XX*6666666666~
CAS*CO*45*57.65~
SVC*HC:99213*201.78*144.13**1~
DTM*472*20241225~
CLP*MMC2024000745*1*15.99*11.42*0*12*CLAIMREF001*11~
CLM*MMC2024000745*15.99***11:B:1*Y*A*Y*I~
NM1*82*1*JOHNSON*SARAH***XX*2345678901~
NM1*77*2*COMMUNITY IMAGING LLC****XX*5555555555~
CAS*CO*45*4.57~
SVC*HC:85025*15.99*11.42**1~
DTM*472*20241222~
CLP*MMC2024000230*1*188.29*134.49*0*12*CLAIMREF001*11~
CLM*MMC2024000230*188.29***22:B:1*Y*A*Y*I~
NM1*82*1*GARCIA*MARIA***XX*7890123456~
NM1*77*2*MIDWEST GENERAL HOSPITAL****XX*1111111111~
CAS*CO*45*53.80~
SVC*HC:99213*188.29*134.49**1~
DTM*472*20241206~
CLP*MMC2024000234*1*196.06*140.04*0*12*CLAIMREF001*11~
CLM*MMC2024000234*196.06***19:B:1*Y*A*Y*I~
NM1*82*1*PATEL*RAJ***XX*3456789012~
NM1*77*2*ST LUKE OUTPATIENT****XX*7777777777~
CAS*CO*45*56.02~
SVC*HC:99213*196.06*140.04**1~
DTM*472*20241203~
CLP*MMC2024000020*1*6217.69*4441.21*0*12*CLAIMREF001*11~
CLM*MMC2024000020*6217.69***19:B:1*Y*A*Y*I~
NM1*82*1*CHEN*LISA***XX*5678901234~
NM1*77*2*ST LUKE OUTPATIENT****XX*7777777777~
CAS*CO*45*1776.48~
SVC*HC:29881*6217.69*4441.21**1~
DTM*472*20241218~
CLP*MMC2024000996*1*17.44*12.46*0*12*CLAIMREF001*11~
CLM*MMC2024000996*17.44***22:B:1*Y*A*Y*I~
NM1*82*1*CHEN*LISA***XX*5678901234~
NM1*77*2*MIDWEST GENERAL HOSPITAL****XX*1111111111~
CAS*CO*45*4.98~
SVC*HC:36415*17.44*12.46**1~
DTM*472*20241220~
CLP*MMC2024000832*1*15.74*11.24*0*12*CLAIMREF001*11~
CLM*MMC2024000832*15.74***11:B:1*Y*A*Y*I~
NM1*82*1*MARTINEZ*CARLOS***XX*1234567890~
NM1*77*2*ADVANCED IMAGING CENTER****XX*2222222222~
CAS*CO*45*4.50~
SVC*HC:85025*15.74*11.24**1~
DTM*472*20241225~
CLP*MMC2024000929*1*17.92*12.80*0*12*CLAIMREF001*11~
CLM*MMC2024000929*17.92***19:B:1*Y*A*Y*I~
NM1*82*1*JOHNSON*SARAH***XX*2345678901~
NM1*77*2*ST LUKE OUTPATIENT****XX*7777777777~
CAS*CO*45*5.12~
SVC*HC:36415*17.92*12.80**1~
DTM*472*20241223~
CLP*MMC2024000169*1*204.72*146.23*0*12*CLAIMREF001*11~
CLM*MMC2024000169*204.72***22:B:1*Y*A*Y*I~
NM1*82*1*JOHNSON*SARAH***XX*2345678901~
NM1*77*2*MIDWEST GENERAL HOSPITAL****XX*1111111111~
CAS*CO*45*58.49~
SVC*HC:99213*204.72*146.23**1~
DTM*472*20241212~
CLP*MMC2024000193*1*196.32*140.23*0*12*CLAIMREF001*11~
CLM*MMC2024000193*196.32***11:B:1*Y*A*Y*I~
NM1*82*1*JOHNSON*SARAH***XX*2345678901~
NM1*77*2*COMMUNITY IMAGING LLC****XX*5555555555~
CAS*CO*45*56.09~
SVC*HC:99213*196.32*140.23**1~
DTM*472*20241214~
CLP*MMC2024000769*1*16.87*12.05*0*12*CLAIMREF001*11~
CLM*MMC2024000769*16.87***11:B:1*Y*A*Y*I~
NM1*82*1*JOHNSON*SARAH***XX*2345678901~
NM1*77*2*COMMUNITY IMAGING LLC****XX*5555555555~
CAS*CO*45*4.82~
SVC*HC:85025*16.87*12.05**1~
DTM*472*20241215~
CLP*MMC2024000368*1*287.11*205.08*0*12*CLAIMREF001*11~
CLM*MMC2024000368*287.11***22:B:1*Y*A*Y*I~
NM1*82*1*MARTINEZ*CARLOS***XX*1234567890~
NM1*77*2*REGIONAL MEDICAL CENTER****XX*4444444444~
CAS*CO*45*82.03~
SVC*HC:99214*287.11*205.08**1~
DTM*472*20241215~
CLP*MMC2024001006*1*148.61*106.15*0*12*CLAIMREF001*11~
CLM*MMC2024001006*148.61***22:B:1*Y*A*Y*I~
NM1*82*1*GARCIA*MARIA***XX*7890123456~
NM1*77*2*REGIONAL MEDICAL CENTER****XX*4444444444~
CAS*CO*45*42.46~
SVC*HC:99283*148.61*106.15**1~
DTM*472*20241203~
CLP*MMC2024000924*1*17.91*12.79*0*12*CLAIMREF001*11~
CLM*MMC2024000924*17.91***11:B:1*Y*A*Y*I~
NM1*82*1*CHEN*LISA***XX*5678901234~
NM1*77*2*ADVANCED IMAGING CENTER****XX*2222222222~
CAS*CO*45*5.12~
SVC*HC:36415*17.91*12.79**1~
DTM*472*20241228~
CLP*MMC2024000351*1*291.73*208.38*0*12*CLAIMREF001*11~
CLM*MMC2024000351*291.73***19:B:1*Y*A*Y*I~
NM1*82*1*ANDERSON*DAVID***XX*8901234567~
NM1*77*2*ST LUKE OUTPATIENT****XX*7777777777~
CAS*CO*45*83.35~
SVC*HC:99214*291.73*208.38**1~
DTM*472*20241203~
CLP*MMC2024000138*1*185.63*132.59*0*12*CLAIMREF001*11~
CLM*MMC2024000138*185.63***11:B:1*Y*A*Y*I~
NM1*82*1*PATEL*RAJ***XX*3456789012~
NM1*77*2*COMMUNITY IMAGING LLC****XX*5555555555~
CAS*CO*45*53.04~
SVC*HC:99213*185.63*132.59**1~
DTM*472*20241210~
CLP*MMC2024000704*1*22.32*15.94*0*12*CLAIMREF001*11~
CLM*MMC2024000704*22.32***22:B:1*Y*A*Y*I~
NM1*82*1*MARTINEZ*CARLOS***XX*1234567890~
NM1*77*2*MIDWEST GENERAL HOSPITAL****XX*1111111111~
CAS*CO*45*6.38~
SVC*HC:80053*22.32*15.94**1~
DTM*472*20241213~
CLP*MMC2024000910*1*17.98*12.84*0*12*CLAIMREF001*11~
CLM*MMC2024000910*17.98***11:B:1*Y*A*Y*I~
NM1*82*1*GARCIA*MARIA***XX*7890123456~
NM1*77*2*COMMUNITY IMAGING LLC****XX*5555555555~
CAS*CO*45*5.14~
SVC*HC:36415*17.98*12.84**1~
DTM*472*20241209~
CLP*MMC2024001024*1*150.07*107.19*0*12*CLAIMREF001*11~
CLM*MMC2024001024*150.07***11:B:1*Y*A*Y*I~
NM1*82*1*MARTINEZ*CARLOS***XX*1234567890~
NM1*77*2*ADVANCED IMAGING CENTER****XX*2222222222~
CAS*CO*45*42.88~
SVC*HC:99283*150.07*107.19**1~
DTM*472*20241227~
CLP*MMC2024000346*1*284.51*203.22*0*12*CLAIMREF001*11~
CLM*MMC2024000346*284.51***24:B:1*Y*A*Y*I~
NM1*82*1*PATEL*RAJ***XX*3456789012~
NM1*77*2*ORTHO SURGICAL CENTER****XX*3333333333~
CAS*CO*45*81.29~
SVC*HC:99214*284.51*203.22**1~
DTM*472*20241215~
CLP*MMC2024000537*1*440.68*314.77*0*12*CLAIMREF001*11~
CLM*MMC2024000537*440.68***11:B:1*Y*A*Y*I~
NM1*82*1*JOHNSON*SARAH***XX*2345678901~
NM1*77*2*COMMUNITY IMAGING LLC****XX*5555555555~
CAS*CO*45*125.91~
SVC*HC:99205*440.68*314.77**1~
DTM*472*20241220~
CLP*MMC2024000611*1*22.29*15.92*0*12*CLAIMREF001*11~
CLM*MMC2024000611*22.29***11:B:1*Y*A*Y*I~
NM1*82*1*WILLIAMS*JAMES***XX*4567890123~
NM1*77*2*COMMUNITY IMAGING LLC****XX*5555555555~
CAS*CO*45*6.37~
SVC*HC:80053*22.29*15.92**1~
DTM*472*20241225~
CLP*MMC2024000533*1*336.46*240.33*0*12*CLAIMREF001*11~
CLM*MMC2024000533*336.46***22:B:1*Y*A*Y*I~
NM1*82*1*THOMPSON*MICHAEL***XX*6789012345~
NM1*77*2*MIDWEST GENERAL HOSPITAL****XX*1111111111~
CAS*CO*45*96.13~
SVC*HC:99204*336.46*240.33**1~
DTM*472*20241203~
CLP*MMC2024000746*1*16.97*12.12*0*12*CLAIMREF001*11~
CLM*MMC2024000746*16.97***11:B:1*Y*A*Y*I~
NM1*82*1*PATEL*RAJ***XX*3456789012~
NM1*77*2*ADVANCED IMAGING CENTER****XX*2222222222~
CAS*CO*45*4.85~
SVC*HC:85025*16.97*12.12**1~
DTM*472*20241226~
CLP*MMC2024000467*1*338.10*241.50*0*12*CLAIMREF001*11~
CLM*MMC2024000467*338.10***19:B:1*Y*A*Y*I~
NM1*82*1*WILLIAMS*JAMES***XX*4567890123~
NM1*77*2*ST LUKE OUTPATIENT****XX*7777777777~
CAS*CO*45*96.60~
SVC*HC:99204*338.10*241.50**1~
DTM*472*20241207~
CLP*MMC2024000298*1*198.83*142.02*0*12*CLAIMREF001*11~
CLM*MMC2024000298*198.83***11:B:1*Y*A*Y*I~
NM1*82*1*PATEL*RAJ***XX*3456789012~
NM1*77*2*ADVANCED IMAGING CENTER****XX*2222222222~
CAS*CO*45*56.81~
SVC*HC:99213*198.83*142.02**1~
DTM*472*20241206~
CLP*MMC2024000306*1*273.59*195.42*0*12*CLAIMREF001*11~
CLM*MMC2024000306*273.59***24:B:1*Y*A*Y*I~
NM1*82*1*PATEL*RAJ***XX*3456789012~
NM1*77*2*NORTHWEST SURGICAL ASC****XX*6666666666~
CAS*CO*45*78.17~
SVC*HC:99214*273.59*195.42**1~
DTM*472*20241223~
CLP*MMC2024000047*1*587.55*419.68*0*12*CLAIMREF001*11~
CLM*MMC2024000047*587.55***24:B:1*Y*A*Y*I~
NM1*82*1*ANDERSON*DAVID***XX*8901234567~
NM1*77*2*ORTHO SURGICAL CENTER****XX*3333333333~
CAS*CO*45*167.87~
SVC*HC:93306*587.55*419.68**1~
DTM*472*20241206~
CLP*MMC2024000844*1*30.69*21.92*0*12*CLAIMREF001*11~
CLM*MMC2024000844*30.69***19:B:1*Y*A*Y*I~
NM1*82*1*CHEN*LISA***XX*5678901234~
NM1*77*2*ST LUKE OUTPATIENT****XX*7777777777~
CAS*CO*45*8.77~
SVC*HC:93000*30.69*21.92**1~
DTM*472*20241201~
CLP*MMC2024000067*1*430.82*307.73*0*12*CLAIMREF001*11~
CLM*MMC2024000067*430.82***11:B:1*Y*A*Y*I~
NM1*82*1*WILLIAMS*JAMES***XX*4567890123~
NM1*77*2*COMMUNITY IMAGING LLC****XX*5555555555~
CAS*CO*45*123.09~
SVC*HC:75571*430.82*307.73**1~
DTM*472*20241210~
CLP*MMC2024000172*1*202.10*144.36*0*12*CLAIMREF001*11~
CLM*MMC2024000172*202.10***19:B:1*Y*A*Y*I~
NM1*82*1*CHEN*LISA***XX*5678901234~
NM1*77*2*ST LUKE OUTPATIENT****XX*7777777777~
CAS*CO*45*57.74~
SVC*HC:99213*202.10*144.36**1~
DTM*472*20241204~
CLP*MMC2024000314*1*287.55*205.39*0*12*CLAIMREF001*11~
CLM*MMC2024000314*287.55***11:B:1*Y*A*Y*I~
NM1*82*1*PATEL*RAJ***XX*3456789012~
NM1*77*2*COMMUNITY IMAGING LLC****XX*5555555555~
CAS*CO*45*82.16~
SVC*HC:99214*287.55*205.39**1~
DTM*472*20241208~
CLP*MMC2024001048*1*137.69*98.35*0*12*CLAIMREF001*11~
CLM*MMC2024001048*137.69***24:B:1*Y*A*Y*I~
NM1*82*1*MARTINEZ*CARLOS***XX*1234567890~
NM1*77*2*NORTHWEST SURGICAL ASC****XX*6666666666~
CAS*CO*45*39.34~
SVC*HC:99232*137.69*98.35**1~
DTM*472*20241224~
CLP*MMC2024000516*1*327.89*234.21*0*12*CLAIMREF001*11~
CLM*MMC2024000516*327.89***11:B:1*Y*A*Y*I~
NM1*82*1*CHEN*LISA***XX*5678901234~
NM1*77*2*COMMUNITY IMAGING LLC****XX*5555555555~
CAS*CO*45*93.68~
SVC*HC:99204*327.89*234.21**1~
DTM*472*20241227~
CLP*MMC2024000992*1*17.43*12.45*0*12*CLAIMREF001*11~
CLM*MMC2024000992*17.43***11:B:1*Y*A*Y*I~
NM1*82*1*MARTINEZ*CARLOS***XX*1234567890~
NM1*77*2*ADVANCED IMAGING CENTER****XX*2222222222~
CAS*CO*45*4.98~
SVC*HC:36415*17.43*12.45**1~
DTM*472*20241203~
CLP*MMC2024000106*1*196.84*140.60*0*12*CLAIMREF001*11~
CLM*MMC2024000106*196.84***11:B:1*Y*A*Y*I~
NM1*82*1*PATEL*RAJ***XX*3456789012~
NM1*77*2*COMMUNITY IMAGING LLC****XX*5555555555~
CAS*CO*45*56.24~
SVC*HC:99213*196.84*140.60**1~
DTM*472*20241215~
CLP*MMC2024001001*1*18.05*12.89*0*12*CLAIMREF001*11~
CLM*MMC2024001001*18.05***11:B:1*Y*A*Y*I~
NM1*82*1*JOHNSON*SARAH***XX*2345678901~
NM1*77*2*COMMUNITY IMAGING LLC****XX*5555555555~
CAS*CO*45*5.16~
SVC*HC:36415*18.05*12.89**1~
DTM*472*20241227~
CLP*MMC2024000320*1*290.64*207.60*0*12*CLAIMREF001*11~
CLM*MMC2024000320*290.64***11:B:1*Y*A*Y*I~
NM1*82*1*MARTINEZ*CARLOS***XX*1234567890~
NM1*77*2*COMMUNITY IMAGING LLC****XX*5555555555~
CAS*CO*45*83.04~
SVC*HC:99214*290.64*207.60**1~
DTM*472*20241224~
CLP*MMC2024000353*1*287.21*205.15*0*12*CLAIMREF001*11~
CLM*MMC2024000353*287.21***24:B:1*Y*A*Y*I~
NM1*82*1*JOHNSON*SARAH***XX*2345678901~
NM1*77*2*ORTHO SURGICAL CENTER****XX*3333333333~
CAS*CO*45*82.06~
SVC*HC:99214*287.21*205.15**1~
DTM*472*20241205~
CLP*MMC2024000899*1*32.05*22.89*0*12*CLAIMREF001*11~
CLM*MMC2024000899*32.05***22:B:1*Y*A*Y*I~
NM1*82*1*WILLIAMS*JAMES***XX*4567890123~
NM1*77*2*REGIONAL MEDICAL CENTER****XX*4444444444~
CAS*CO*45*9.16~
SVC*HC:93000*32.05*22.89**1~
DTM*472*20241206~
CLP*MMC2024000711*1*23.28*16.63*0*12*CLAIMREF001*11~
CLM*MMC2024000711*23.28***11:B:1*Y*A*Y*I~
NM1*82*1*ANDERSON*DAVID***XX*8901234567~
NM1*77*2*ADVANCED IMAGING CENTER****XX*2222222222~
CAS*CO*45*6.65~
SVC*HC:80053*23.28*16.63**1~
DTM*472*20241223~
CLP*MMC2024000232*1*187.94*134.24*0*12*CLAIMREF001*11~
CLM*MMC2024000232*187.94***22:B:1*Y*A*Y*I~
NM1*82*1*MARTINEZ*CARLOS***XX*1234567890~
NM1*77*2*REGIONAL MEDICAL CENTER****XX*4444444444~
CAS*CO*45*53.70~
SVC*HC:99213*187.94*134.24**1~
DTM*472*20241223~
CLP*MMC2024000255*1*188.08*134.34*0*12*CLAIMREF001*11~
CLM*MMC2024000255*188.08***22:B:1*Y*A*Y*I~
NM1*82*1*ANDERSON*DAVID***XX*8901234567~
NM1*77*2*REGIONAL MEDICAL CENTER****XX*4444444444~
CAS*CO*45*53.74~
SVC*HC:99213*188.08*134.34**1~
DTM*472*20241215~
CLP*MMC2024000752*1*15.81*11.29*0*12*CLAIMREF001*11~
CLM*MMC2024000752*15.81***11:B:1*Y*A*Y*I~
NM1*82*1*MARTINEZ*CARLOS***XX*1234567890~
NM1*77*2*COMMUNITY IMAGING LLC****XX*5555555555~
CAS*CO*45*4.52~
SVC*HC:85025*15.81*11.29**1~
DTM*472*20241203~
CLP*MMC2024000642*1*21.18*15.13*0*12*CLAIMREF001*11~
CLM*MMC2024000642*21.18***22:B:1*Y*A*Y*I~
NM1*82*1*PATEL*RAJ***XX*3456789012~
NM1*77*2*MIDWEST GENERAL HOSPITAL****XX*1111111111~
CAS*CO*45*6.05~
SVC*HC:80053*21.18*15.13**1~
DTM*472*20241221~
CLP*MMC2024000991*1*18.21*13.01*0*12*CLAIMREF001*11~
CLM*MMC2024000991*18.21***11:B:1*Y*A*Y*I~
NM1*82*1*ANDERSON*DAVID***XX*8901234567~
NM1*77*2*ADVANCED IMAGING CENTER****XX*2222222222~
CAS*CO*45*5.20~
SVC*HC:36415*18.21*13.01**1~
DTM*472*20241210~
CLP*MMC2024000693*1*22.71*16.22*0*12*CLAIMREF001*11~
CLM*MMC2024000693*22.71***11:B:1*Y*A*Y*I~
NM1*82*1*THOMPSON*MICHAEL***XX*6789012345~
NM1*77*2*ADVANCED IMAGING CENTER****XX*2222222222~
CAS*CO*45*6.49~
SVC*HC:80053*22.71*16.22**1~
DTM*472*20241218~
CLP*MMC2024000019*1*6921.87*4944.19*0*12*CLAIMREF001*11~
CLM*MMC2024000019*6921.87***22:B:1*Y*A*Y*I~
NM1*82*1*WILLIAMS*JAMES***XX*4567890123~
NM1*77*2*MIDWEST GENERAL HOSPITAL****XX*1111111111~
CAS*CO*45*1977.68~
SVC*HC:29881*6921.87*4944.19**1~
DTM*472*20241214~
CLP*MMC2024000196*1*190.41*136.01*0*12*CLAIMREF001*11~
CLM*MMC2024000196*190.41***22:B:1*Y*A*Y*I~
NM1*82*1*CHEN*LISA***XX*5678901234~
NM1*77*2*MIDWEST GENERAL HOSPITAL****XX*1111111111~
CAS*CO*45*54.40~
SVC*HC:99213*190.41*136.01**1~
DTM*472*20241224~
CLP*MMC2024000544*1*468.51*334.65*0*12*CLAIMREF001*11~
CLM*MMC2024000544*468.51***11:B:1*Y*A*Y*I~
NM1*82*1*MARTINEZ*CARLOS***XX*1234567890~
NM1*77*2*COMMUNITY IMAGING LLC****XX*5555555555~
CAS*CO*45*133.86~
SVC*HC:99205*468.51*334.65**1~
DTM*472*20241213~
CLP*MMC2024000854*1*31.05*22.18*0*12*CLAIMREF001*11~
CLM*MMC2024000854*31.05***22:B:1*Y*A*Y*I~
NM1*82*1*GARCIA*MARIA***XX*7890123456~
NM1*77*2*MIDWEST GENERAL HOSPITAL****XX*1111111111~
CAS*CO*45*8.87~
SVC*HC:93000*31.05*22.18**1~
DTM*472*20241205~
CLP*MMC2024000776*1*16.76*11.97*0*12*CLAIMREF001*11~
CLM*MMC2024000776*16.76***11:B:1*Y*A*Y*I~
NM1*82*1*MARTINEZ*CARLOS***XX*1234567890~
NM1*77*2*COMMUNITY IMAGING LLC****XX*5555555555~
CAS*CO*45*4.79~
SVC*HC:85025*16.76*11.97**1~
DTM*472*20241223~
CLP*MMC2024000330*1*287.32*205.23*0*12*CLAIMREF001*11~
CLM*MMC2024000330*287.32***22:B:1*Y*A*Y*I~
NM1*82*1*PATEL*RAJ***XX*3456789012~
NM1*77*2*MIDWEST GENERAL HOSPITAL****XX*1111111111~
CAS*CO*45*82.09~
SVC*HC:99214*287.32*205.23**1~
DTM*472*20241209~
CLP*MMC2024000914*1*19.00*13.57*0*12*CLAIMREF001*11~
CLM*MMC2024000914*19.00***22:B:1*Y*A*Y*I~
NM1*82*1*PATEL*RAJ***XX*3456789012~
NM1*77*2*REGIONAL MEDICAL CENTER****XX*4444444444~
CAS*CO*45*5.43~
SVC*HC:36415*19.00*13.57**1~
DTM*472*20241211~
CLP*MMC2024000015*1*5401.28*3858.06*0*12*CLAIMREF001*11~
CLM*MMC2024000015*5401.28***22:B:1*Y*A*Y*I~
NM1*82*1*ANDERSON*DAVID***XX*8901234567~
NM1*77*2*REGIONAL MEDICAL CENTER****XX*4444444444~
CAS*CO*45*1543.22~
SVC*HC:29881*5401.28*3858.06**1~
DTM*472*20241216~
CLP*MMC2024000973*1*17.60*12.57*0*12*CLAIMREF001*11~
CLM*MMC2024000973*17.60***11:B:1*Y*A*Y*I~
NM1*82*1*THOMPSON*MICHAEL***XX*6789012345~
NM1*77*2*COMMUNITY IMAGING LLC****XX*5555555555~
CAS*CO*45*5.03~
SVC*HC:36415*17.60*12.57**1~
DTM*472*20241203~
CLP*MMC2024000383*1*291.87*208.48*0*12*CLAIMREF001*11~
CLM*MMC2024000383*291.87***19:B:1*Y*A*Y*I~
NM1*82*1*ANDERSON*DAVID***XX*8901234567~
NM1*77*2*ST LUKE OUTPATIENT****XX*7777777777~
CAS*CO*45*83.39~
SVC*HC:99214*291.87*208.48**1~
DTM*472*20241203~
CLP*MMC2024000749*1*16.49*11.78*0*12*CLAIMREF001*11~
CLM*MMC2024000749*16.49***11:B:1*Y*A*Y*I~
NM1*82*1*THOMPSON*MICHAEL***XX*6789012345~
NM1*77*2*COMMUNITY IMAGING LLC****XX*5555555555~
CAS*CO*45*4.71~
SVC*HC:85025*16.49*11.78**1~
DTM*472*20241225~
CLP*MMC2024000205*1*191.21*136.58*0*12*CLAIMREF001*11~
CLM*MMC2024000205*191.21***11:B:1*Y*A*Y*I~
NM1*82*1*THOMPSON*MICHAEL***XX*6789012345~
NM1*77*2*ADVANCED IMAGING CENTER****XX*2222222222~
CAS*CO*45*54.63~
SVC*HC:99213*191.21*136.58**1~
DTM*472*20241221~
CLP*MMC2024000547*1*455.90*325.64*0*12*CLAIMREF001*11~
CLM*MMC2024000547*455.90***22:B:1*Y*A*Y*I~
NM1*82*1*WILLIAMS*JAMES***XX*4567890123~
NM1*77*2*MIDWEST GENERAL HOSPITAL****XX*1111111111~
CAS*CO*45*130.26~
SVC*HC:99205*455.90*325.64**1~
DTM*472*20241219~
CLP*MMC2024000039*1*5226.70*3733.36*0*12*CLAIMREF001*11~
CLM*MMC2024000039*5226.70***11:B:1*Y*A*Y*I~
NM1*82*1*ANDERSON*DAVID***XX*8901234567~
NM1*77*2*ADVANCED IMAGING CENTER****XX*2222222222~
CAS*CO*45*1493.34~
SVC*HC:27130*5226.70*3733.36**1~
DTM*472*20241202~
CLP*MMC2024001016*1*145.64*104.03*0*12*CLAIMREF001*11~
CLM*MMC2024001016*145.64***19:B:1*Y*A*Y*I~
NM1*82*1*MARTINEZ*CARLOS***XX*1234567890~
NM1*77*2*ST LUKE OUTPATIENT****XX*7777777777~
CAS*CO*45*41.61~
SVC*HC:99283*145.64*104.03**1~
DTM*472*20241219~
CLP*MMC2024000393*1*283.58*202.56*0*12*CLAIMREF001*11~
CLM*MMC2024000393*283.58***24:B:1*Y*A*Y*I~
NM1*82*1*JOHNSON*SARAH***XX*2345678901~
NM1*77*2*ORTHO SURGICAL CENTER****XX*3333333333~
CAS*CO*45*81.02~
SVC*HC:99214*283.58*202.56**1~
DTM*472*20241228~
CLP*MMC2024000489*1*341.87*244.19*0*12*CLAIMREF001*11~
CLM*MMC2024000489*341.87***11:B:1*Y*A*Y*I~
NM1*82*1*JOHNSON*SARAH***XX*2345678901~
NM1*77*2*COMMUNITY IMAGING LLC****XX*5555555555~
CAS*CO*45*97.68~
SVC*HC:99204*341.87*244.19**1~
DTM*472*20241201~
CLP*MMC2024000989*1*18.30*13.07*0*12*CLAIMREF001*11~
CLM*MMC2024000989*18.30***11:B:1*Y*A*Y*I~
NM1*82*1*THOMPSON*MICHAEL***XX*6789012345~
NM1*77*2*COMMUNITY IMAGING LLC****XX*5555555555~
CAS*CO*45*5.23~
SVC*HC:36415*18.30*13.07**1~
DTM*472*20241204~
CLP*MMC2024000997*1*19.03*13.59*0*12*CLAIMREF001*11~
CLM*MMC2024000997*19.03***11:B:1*Y*A*Y*I~
NM1*82*1*THOMPSON*MICHAEL***XX*6789012345~
NM1*77*2*ADVANCED IMAGING CENTER****XX*2222222222~
CAS*CO*45*5.44~
SVC*HC:36415*19.03*13.59**1~
DTM*472*20241211~
CLP*MMC2024000414*1*270.96*193.54*0*12*CLAIMREF001*11~
CLM*MMC2024000414*270.96***24:B:1*Y*A*Y*I~
NM1*82*1*GARCIA*MARIA***XX*7890123456~
NM1*77*2*ORTHO SURGICAL CENTER****XX*3333333333~
CAS*CO*45*77.42~
SVC*HC:99214*270.96*193.54**1~
DTM*472*20241225~
CLP*MMC2024000440*1*292.35*208.82*0*12*CLAIMREF001*11~
CLM*MMC2024000440*292.35***11:B:1*Y*A*Y*I~
NM1*82*1*MARTINEZ*CARLOS***XX*1234567890~
NM1*77*2*COMMUNITY IMAGING LLC****XX*5555555555~
CAS*CO*45*83.53~
SVC*HC:99214*292.35*208.82**1~
DTM*472*20241205~
CLP*MMC2024000649*1*22.34*15.96*0*12*CLAIMREF001*11~
CLM*MMC2024000649*22.34***11:B:1*Y*A*Y*I~
NM1*82*1*JOHNSON*SARAH***XX*2345678901~
NM1*77*2*ADVANCED IMAGING CENTER****XX*2222222222~
CAS*CO*45*6.38~
SVC*HC:80053*22.34*15.96**1~
DTM*472*20241206~
CLP*MMC2024000445*1*275.53*196.81*0*12*CLAIMREF001*11~
CLM*MMC2024000445*275.53***22:B:1*Y*A*Y*I~
NM1*82*1*THOMPSON*MICHAEL***XX*6789012345~
NM1*77*2*REGIONAL MEDICAL CENTER****XX*4444444444~
CAS*CO*45*78.72~
SVC*HC:99214*275.53*196.81**1~
DTM*472*20241203~
CLP*MMC2024000630*1*21.90*15.64*0*12*CLAIMREF001*11~
CLM*MMC2024000630*21.90***19:B:1*Y*A*Y*I~
NM1*82*1*GARCIA*MARIA***XX*7890123456~
NM1*77*2*ST LUKE OUTPATIENT****XX*7777777777~
CAS*CO*45*6.26~
SVC*HC:80053*21.90*15.64**1~
DTM*472*20241218~
CLP*MMC2024000133*1*193.61*138.29*0*12*CLAIMREF001*11~
CLM*MMC2024000133*193.61***11:B:1*Y*A*Y*I~
NM1*82*1*THOMPSON*MICHAEL***XX*6789012345~
NM1*77*2*COMMUNITY IMAGING LLC****XX*5555555555~
CAS*CO*45*55.32~
SVC*HC:99213*193.61*138.29**1~
DTM*472*20241218~
CLP*MMC2024000091*1*151.13*107.95*0*12*CLAIMREF001*11~
CLM*MMC2024000091*151.13***11:B:1*Y*A*Y*I~
NM1*82*1*WILLIAMS*JAMES***XX*4567890123~
NM1*77*2*COMMUNITY IMAGING LLC****XX*5555555555~
CAS*CO*45*43.18~
SVC*HC:20610*151.13*107.95**1~
DTM*472*20241203~
CLP*MMC2024000799*1*15.51*11.08*0*12*CLAIMREF001*11~
CLM*MMC2024000799*15.51***11:B:1*Y*A*Y*I~
NM1*82*1*ANDERSON*DAVID***XX*8901234567~
NM1*77*2*COMMUNITY IMAGING LLC****XX*5555555555~
CAS*CO*45*4.43~
SVC*HC:85025*15.51*11.08**1~
DTM*472*20241225~
CLP*MMC2024001038*1*144.51*103.22*0*12*CLAIMREF001*11~
CLM*MMC2024001038*144.51***24:B:1*Y*A*Y*I~
NM1*82*1*GARCIA*MARIA***XX*7890123456~
NM1*77*2*NORTHWEST SURGICAL ASC****XX*6666666666~
CAS*CO*45*41.29~
SVC*HC:99283*144.51*103.22**1~
DTM*472*20241202~
CLP*MMC2024000805*1*16.25*11.61*0*12*CLAIMREF001*11~
CLM*MMC2024000805*16.25***11:B:1*Y*A*Y*I~
NM1*82*1*THOMPSON*MICHAEL***XX*6789012345~
NM1*77*2*COMMUNITY IMAGING LLC****XX*5555555555~
CAS*CO*45*4.64~
SVC*HC:85025*16.25*11.61**1~
DTM*472*20241220~
CLP*MMC2024000502*1*348.32*248.80*0*12*CLAIMREF001*11~
CLM*MMC2024000502*348.32***19:B:1*Y*A*Y*I~
NM1*82*1*GARCIA*MARIA***XX*7890123456~
NM1*77*2*ST LUKE OUTPATIENT****XX*7777777777~
CAS*CO*45*99.52~
SVC*HC:99204*348.32*248.80**1~
DTM*472*20241203~
CLP*MMC2024000163*1*196.81*140.58*0*12*CLAIMREF001*11~
CLM*MMC2024000163*196.81***22:B:1*Y*A*Y*I~
NM1*82*1*WILLIAMS*JAMES***XX*4567890123~
NM1*77*2*REGIONAL MEDICAL CENTER****XX*4444444444~
CAS*CO*45*56.23~
SVC*HC:99213*196.81*140.58**1~
DTM*472*20241219~
CLP*MMC2024000783*1*16.76*11.97*0*12*CLAIMREF001*11~
CLM*MMC2024000783*16.76***11:B:1*Y*A*Y*I~
NM1*82*1*ANDERSON*DAVID***XX*8901234567~
NM1*77*2*COMMUNITY IMAGING LLC****XX*5555555555~
CAS*CO*45*4.79~
SVC*HC:85025*16.76*11.97**1~
DTM*472*20241206~
CLP*MMC2024000591*1*459.02*327.87*0*12*CLAIMREF001*11~
CLM*MMC2024000591*459.02***19:B:1*Y*A*Y*I~
NM1*82*1*ANDERSON*DAVID***XX*8901234567~
NM1*77*2*ST LUKE OUTPATIENT****XX*7777777777~
CAS*CO*45*131.15~
SVC*HC:99205*459.02*327.87**1~
DTM*472*20241215~
CLP*MMC2024000173*1*193.97*138.55*0*12*CLAIMREF001*11~
CLM*MMC2024000173*193.97***11:B:1*Y*A*Y*I~
NM1*82*1*THOMPSON*MICHAEL***XX*6789012345~
NM1*77*2*COMMUNITY IMAGING LLC****XX*5555555555~
CAS*CO*45*55.42~
SVC*HC:99213*193.97*138.55**1~
DTM*472*20241221~
CLP*MMC2024000793*1*16.83*12.02*0*12*CLAIMREF001*11~
CLM*MMC2024000793*16.83***11:B:1*Y*A*Y*I~
NM1*82*1*JOHNSON*SARAH***XX*2345678901~
NM1*77*2*COMMUNITY IMAGING LLC****XX*5555555555~
CAS*CO*45*4.81~
SVC*HC:85025*16.83*12.02**1~
DTM*472*20241221~
CLP*MMC2024000780*1*16.20*11.57*0*12*CLAIMREF001*11~
CLM*MMC2024000780*16.20***11:B:1*Y*A*Y*I~
NM1*82*1*CHEN*LISA***XX*5678901234~
NM1*77*2*COMMUNITY IMAGING LLC****XX*5555555555~
CAS*CO*45*4.63~
SVC*HC:85025*16.20*11.57**1~
DTM*472*20241220~
CLP*MMC2024000215*1*195.72*139.80*0*12*CLAIMREF001*11~
CLM*MMC2024000215*195.72***19:B:1*Y*A*Y*I~
NM1*82*1*ANDERSON*DAVID***XX*8901234567~
NM1*77*2*ST LUKE OUTPATIENT****XX*7777777777~
CAS*CO*45*55.92~
SVC*HC:99213*195.72*139.80**1~
DTM*472*20241215~
CLP*MMC2024000281*1*187.47*133.91*0*12*CLAIMREF001*11~
CLM*MMC2024000281*187.47***19:B:1*Y*A*Y*I~
NM1*82*1*JOHNSON*SARAH***XX*2345678901~
NM1*77*2*ST LUKE OUTPATIENT****XX*7777777777~
CAS*CO*45*53.56~
SVC*HC:99213*187.47*133.91**1~
DTM*472*20241204~
CLP*MMC2024000463*1*345.56*246.83*0*12*CLAIMREF001*11~
CLM*MMC2024000463*345.56***11:B:1*Y*A*Y*I~
NM1*82*1*ANDERSON*DAVID***XX*8901234567~
NM1*77*2*COMMUNITY IMAGING LLC****XX*5555555555~
CAS*CO*45*98.73~
SVC*HC:99204*345.56*246.83**1~
DTM*472*20241227~
CLP*MMC2024000005*1*11764.47*8403.19*0*12*CLAIMREF001*11~
CLM*MMC2024000005*11764.47***19:B:1*Y*A*Y*I~
NM1*82*1*THOMPSON*MICHAEL***XX*6789012345~
NM1*77*2*ST LUKE OUTPATIENT****XX*7777777777~
CAS*CO*45*3361.28~
SVC*HC:27447*11764.47*8403.19**1~
DTM*472*20241205~
CLP*MMC2024000060*1*418.94*299.24*0*12*CLAIMREF001*11~
CLM*MMC2024000060*418.94***11:B:1*Y*A*Y*I~
NM1*82*1*CHEN*LISA***XX*5678901234~
NM1*77*2*COMMUNITY IMAGING LLC****XX*5555555555~
CAS*CO*45*119.70~
SVC*HC:75571*418.94*299.24**1~
DTM*472*20241222~
CLP*MMC2024000650*1*21.99*15.71*0*12*CLAIMREF001*11~
CLM*MMC2024000650*21.99***22:B:1*Y*A*Y*I~
NM1*82*1*PATEL*RAJ***XX*3456789012~
NM1*77*2*MIDWEST GENERAL HOSPITAL****XX*1111111111~
CAS*CO*45*6.28~
SVC*HC:80053*21.99*15.71**1~
DTM*472*20241227~
CLP*MMC2024000321*1*276.84*197.74*0*12*CLAIMREF001*11~
CLM*MMC2024000321*276.84***24:B:1*Y*A*Y*I~
NM1*82*1*JOHNSON*SARAH***XX*2345678901~
NM1*77*2*ORTHO SURGICAL CENTER****XX*3333333333~
CAS*CO*45*79.10~
SVC*HC:99214*276.84*197.74**1~
DTM*472*20241205~
CLP*MMC2024000182*1*186.07*132.91*0*12*CLAIMREF001*11~
CLM*MMC2024000182*186.07***11:B:1*Y*A*Y*I~
NM1*82*1*GARCIA*MARIA***XX*7890123456~
NM1*77*2*COMMUNITY IMAGING LLC****XX*5555555555~
CAS*CO*45*53.16~
SVC*HC:99213*186.07*132.91**1~
DTM*472*20241206~
CLP*MMC2024001011*1*147.78*105.56*0*12*CLAIMREF001*11~
CLM*MMC2024001011*147.78***22:B:1*Y*A*Y*I~
NM1*82*1*WILLIAMS*JAMES***XX*4567890123~
NM1*77*2*MIDWEST GENERAL HOSPITAL****XX*1111111111~
CAS*CO*45*42.22~
SVC*HC:99283*147.78*105.56**1~
DTM*472*20241205~
CLP*MMC2024000647*1*22.51*16.08*0*12*CLAIMREF001*11~
CLM*MMC2024000647*22.51***11:B:1*Y*A*Y*I~
NM1*82*1*ANDERSON*DAVID***XX*8901234567~
NM1*77*2*COMMUNITY IMAGING LLC****XX*5555555555~
CAS*CO*45*6.43~
SVC*HC:80053*22.51*16.08**1~
DTM*472*20241211~
CLP*MMC2024000341*1*269.02*192.16*0*12*CLAIMREF001*11~
CLM*MMC2024000341*269.02***19:B:1*Y*A*Y*I~
NM1*82*1*THOMPSON*MICHAEL***XX*6789012345~
NM1*77*2*ST LUKE OUTPATIENT****XX*7777777777~
CAS*CO*45*76.86~
SVC*HC:99214*269.02*192.16**1~
DTM*472*20241212~
CLP*MMC2024000999*1*17.91*12.79*0*12*CLAIMREF001*11~
CLM*MMC2024000999*17.91***11:B:1*Y*A*Y*I~
NM1*82*1*ANDERSON*DAVID***XX*8901234567~
NM1*77*2*ADVANCED IMAGING CENTER****XX*2222222222~
CAS*CO*45*5.12~
SVC*HC:36415*17.91*12.79**1~
DTM*472*20241213~
CLP*MMC2024000166*1*197.08*140.77*0*12*CLAIMREF001*11~
CLM*MMC2024000166*197.08***24:B:1*Y*A*Y*I~
NM1*82*1*GARCIA*MARIA***XX*7890123456~
NM1*77*2*ORTHO SURGICAL CENTER****XX*3333333333~
CAS*CO*45*56.31~
SVC*HC:99213*197.08*140.77**1~
DTM*472*20241204~
CLP*MMC2024000370*1*293.12*209.37*0*12*CLAIMREF001*11~
CLM*MMC2024000370*293.12***24:B:1*Y*A*Y*I~
NM1*82*1*PATEL*RAJ***XX*3456789012~
NM1*77*2*NORTHWEST SURGICAL ASC****XX*6666666666~
CAS*CO*45*83.75~
SVC*HC:99214*293.12*209.37**1~
DTM*472*20241214~
CLP*MMC2024000648*1*21.70*15.50*0*12*CLAIMREF001*11~
CLM*MMC2024000648*21.70***11:B:1*Y*A*Y*I~
NM1*82*1*MARTINEZ*CARLOS***XX*1234567890~
NM1*77*2*ADVANCED IMAGING CENTER****XX*2222222222~
CAS*CO*45*6.20~
SVC*HC:80053*21.70*15.50**1~
DTM*472*20241221~
CLP*MMC2024000294*1*188.76*134.83*0*12*CLAIMREF001*11~
CLM*MMC2024000294*188.76***22:B:1*Y*A*Y*I~
NM1*82*1*GARCIA*MARIA***XX*7890123456~
NM1*77*2*REGIONAL MEDICAL CENTER****XX*4444444444~
CAS*CO*45*53.93~
SVC*HC:99213*188.76*134.83**1~
DTM*472*20241201~
CLP*MMC2024000938*1*17.85*12.75*0*12*CLAIMREF001*11~
CLM*MMC2024000938*17.85***11:B:1*Y*A*Y*I~
NM1*82*1*PATEL*RAJ***XX*3456789012~
NM1*77*2*ADVANCED IMAGING CENTER****XX*2222222222~
CAS*CO*45*5.10~
SVC*HC:36415*17.85*12.75**1~
DTM*472*20241222~
CLP*MMC2024000839*1*16.59*11.85*0*12*CLAIMREF001*11~
CLM*MMC2024000839*16.59***11:B:1*Y*A*Y*I~
NM1*82*1*ANDERSON*DAVID***XX*8901234567~
NM1*77*2*ADVANCED IMAGING CENTER****XX*2222222222~
CAS*CO*45*4.74~
SVC*HC:85025*16.59*11.85**1~
DTM*472*20241226~
CLP*MMC2024000702*1*22.74*16.24*0*12*CLAIMREF001*11~
CLM*MMC2024000702*22.74***11:B:1*Y*A*Y*I~
NM1*82*1*GARCIA*MARIA***XX*7890123456~
NM1*77*2*ADVANCED IMAGING CENTER****XX*2222222222~
CAS*CO*45*6.50~
SVC*HC:80053*22.74*16.24**1~
DTM*472*20241210~
CLP*MMC2024000411*1*284.19*202.99*0*12*CLAIMREF001*11~
CLM*MMC2024000411*284.19***19:B:1*Y*A*Y*I~
NM1*82*1*WILLIAMS*JAMES***XX*4567890123~
NM1*77*2*ST LUKE OUTPATIENT****XX*7777777777~
CAS*CO*45*81.20~
SVC*HC:99214*284.19*202.99**1~
DTM*472*20241217~
CLP*MMC2024000282*1*195.78*139.84*0*12*CLAIMREF001*11~
CLM*MMC2024000282*195.78***19:B:1*Y*A*Y*I~
NM1*82*1*PATEL*RAJ***XX*3456789012~
NM1*77*2*ST LUKE OUTPATIENT****XX*7777777777~
CAS*CO*45*55.94~
SVC*HC:99213*195.78*139.84**1~
DTM*472*20241201~
CLP*MMC2024000309*1*271.87*194.19*0*12*CLAIMREF001*11~
CLM*MMC2024000309*271.87***11:B:1*Y*A*Y*I~
NM1*82*1*THOMPSON*MICHAEL***XX*6789012345~
NM1*77*2*COMMUNITY IMAGING LLC****XX*5555555555~
CAS*CO*45*77.68~
SVC*HC:99214*271.87*194.19**1~
DTM*472*20241219~
CLP*MMC2024000111*1*191.58*136.84*0*12*CLAIMREF001*11~
CLM*MMC2024000111*191.58***24:B:1*Y*A*Y*I~
NM1*82*1*ANDERSON*DAVID***XX*8901234567~
NM1*77*2*ORTHO SURGICAL CENTER****XX*3333333333~
CAS*CO*45*54.74~
SVC*HC:99213*191.58*136.84**1~
DTM*472*20241205~
CLP*MMC2024000847*1*33.56*23.97*0*12*CLAIMREF001*11~
CLM*MMC2024000847*33.56***11:B:1*Y*A*Y*I~
NM1*82*1*ANDERSON*DAVID***XX*8901234567~
NM1*77*2*ADVANCED IMAGING CENTER****XX*2222222222~
CAS*CO*45*9.59~
SVC*HC:93000*33.56*23.97**1~
DTM*472*20241221~
CLP*MMC2024000612*1*22.29*15.92*0*12*CLAIMREF001*11~
CLM*MMC2024000612*22.29***22:B:1*Y*A*Y*I~
NM1*82*1*CHEN*LISA***XX*5678901234~
NM1*77*2*MIDWEST GENERAL HOSPITAL****XX*1111111111~
CAS*CO*45*6.37~
SVC*HC:80053*22.29*15.92**1~
DTM*472*20241205~
CLP*MMC2024000782*1*15.57*11.12*0*12*CLAIMREF001*11~
CLM*MMC2024000782*15.57***22:B:1*Y*A*Y*I~
NM1*82*1*GARCIA*MARIA***XX*7890123456~
NM1*77*2*MIDWEST GENERAL HOSPITAL****XX*1111111111~
CAS*CO*45*4.45~
SVC*HC:85025*15.57*11.12**1~
DTM*472*20241204~
CLP*MMC2024000246*1*198.45*141.75*0*12*CLAIMREF001*11~
CLM*MMC2024000246*198.45***24:B:1*Y*A*Y*I~
NM1*82*1*GARCIA*MARIA***XX*7890123456~
NM1*77*2*NORTHWEST SURGICAL ASC****XX*6666666666~
CAS*CO*45*56.70~
SVC*HC:99213*198.45*141.75**1~
DTM*472*20241227~
CLP*MMC2024001025*1*144.33*103.09*0*12*CLAIMREF001*11~
CLM*MMC2024001025*144.33***11:B:1*Y*A*Y*I~
NM1*82*1*JOHNSON*SARAH***XX*2345678901~
NM1*77*2*COMMUNITY IMAGING LLC****XX*5555555555~
CAS*CO*45*41.24~
SVC*HC:99283*144.33*103.09**1~
DTM*472*20241224~
CLP*MMC2024000399*1*275.04*196.46*0*12*CLAIMREF001*11~
CLM*MMC2024000399*275.04***11:B:1*Y*A*Y*I~
NM1*82*1*ANDERSON*DAVID***XX*8901234567~
NM1*77*2*ADVANCED IMAGING CENTER****XX*2222222222~
CAS*CO*45*78.58~
SVC*HC:99214*275.04*196.46**1~
DTM*472*20241228~
CLP*MMC2024000968*1*17.96*12.83*0*12*CLAIMREF001*11~
CLM*MMC2024000968*17.96***11:B:1*Y*A*Y*I~
NM1*82*1*MARTINEZ*CARLOS***XX*1234567890~
NM1*77*2*ADVANCED IMAGING CENTER****XX*2222222222~
CAS*CO*45*5.13~
SVC*HC:36415*17.96*12.83**1~
DTM*472*20241202~
CLP*MMC2024000146*1*197.06*140.76*0*12*CLAIMREF001*11~
CLM*MMC2024000146*197.06***22:B:1*Y*A*Y*I~
NM1*82*1*PATEL*RAJ***XX*3456789012~
NM1*77*2*MIDWEST GENERAL HOSPITAL****XX*1111111111~
CAS*CO*45*56.30~
SVC*HC:99213*197.06*140.76**1~
DTM*472*20241203~
CLP*MMC2024000110*1*201.49*143.92*0*12*CLAIMREF001*11~
CLM*MMC2024000110*201.49***24:B:1*Y*A*Y*I~
NM1*82*1*GARCIA*MARIA***XX*7890123456~
NM1*77*2*ORTHO SURGICAL CENTER****XX*3333333333~
CAS*CO*45*57.57~
SVC*HC:99213*201.49*143.92**1~
DTM*472*20241222~
CLP*MMC2024000964*1*19.11*13.65*0*12*CLAIMREF001*11~
CLM*MMC2024000964*19.11***22:B:1*Y*A*Y*I~
NM1*82*1*CHEN*LISA***XX*5678901234~
NM1*77*2*MIDWEST GENERAL HOSPITAL****XX*1111111111~
CAS*CO*45*5.46~
SVC*HC:36415*19.11*13.65**1~
DTM*472*20241206~
CLP*MMC2024000242*1*201.42*143.87*0*12*CLAIMREF001*11~
CLM*MMC2024000242*201.42***22:B:1*Y*A*Y*I~
NM1*82*1*PATEL*RAJ***XX*3456789012~
NM1*77*2*MIDWEST GENERAL HOSPITAL****XX*1111111111~
CAS*CO*45*57.55~
SVC*HC:99213*201.42*143.87**1~
DTM*472*20241216~
CLP*MMC2024000950*1*19.05*13.61*0*12*CLAIMREF001*11~
CLM*MMC2024000950*19.05***11:B:1*Y*A*Y*I~
NM1*82*1*GARCIA*MARIA***XX*7890123456~
NM1*77*2*COMMUNITY IMAGING LLC****XX*5555555555~
CAS*CO*45*5.44~
SVC*HC:36415*19.05*13.61**1~
DTM*472*20241205~
CLP*MMC2024000603*1*446.08*318.63*0*12*CLAIMREF001*11~
CLM*MMC2024000603*446.08***19:B:1*Y*A*Y*I~
NM1*82*1*WILLIAMS*JAMES***XX*4567890123~
NM1*77*2*ST LUKE OUTPATIENT****XX*7777777777~
CAS*CO*45*127.45~
SVC*HC:99205*446.08*318.63**1~
DTM*472*20241216~
CLP*MMC2024000534*1*453.87*324.19*0*12*CLAIMREF001*11~
CLM*MMC2024000534*453.87***22:B:1*Y*A*Y*I~
NM1*82*1*GARCIA*MARIA***XX*7890123456~
NM1*77*2*REGIONAL MEDICAL CENTER****XX*4444444444~
CAS*CO*45*129.68~
SVC*HC:99205*453.87*324.19**1~
DTM*472*20241210~
CLP*MMC2024000762*1*16.97*12.12*0*12*CLAIMREF001*11~
CLM*MMC2024000762*16.97***22:B:1*Y*A*Y*I~
NM1*82*1*PATEL*RAJ***XX*3456789012~
NM1*77*2*MIDWEST GENERAL HOSPITAL****XX*1111111111~
CAS*CO*45*4.85~
SVC*HC:85025*16.97*12.12**1~
DTM*472*20241219~
CLP*MMC2024000679*1*21.22*15.16*0*12*CLAIMREF001*11~
CLM*MMC2024000679*21.22***11:B:1*Y*A*Y*I~
NM1*82*1*ANDERSON*DAVID***XX*8901234567~
NM1*77*2*ADVANCED IMAGING CENTER****XX*2222222222~
CAS*CO*45*6.06~
SVC*HC:80053*21.22*15.16**1~
DTM*472*20241218~
CLP*MMC2024000862*1*33.54*23.96*0*12*CLAIMREF001*11~
CLM*MMC2024000862*33.54***11:B:1*Y*A*Y*I~
NM1*82*1*GARCIA*MARIA***XX*7890123456~
NM1*77*2*ADVANCED IMAGING CENTER****XX*2222222222~
CAS*CO*45*9.58~
SVC*HC:93000*33.54*23.96**1~
DTM*472*20241203~
CLP*MMC2024000629*1*21.53*15.38*0*12*CLAIMREF001*11~
CLM*MMC2024000629*21.53***11:B:1*Y*A*Y*I~
NM1*82*1*THOMPSON*MICHAEL***XX*6789012345~
NM1*77*2*COMMUNITY IMAGING LLC****XX*5555555555~
CAS*CO*45*6.15~
SVC*HC:80053*21.53*15.38**1~
DTM*472*20241217~
CLP*MMC2024000458*1*337.69*241.21*0*12*CLAIMREF001*11~
CLM*MMC2024000458*337.69***24:B:1*Y*A*Y*I~
NM1*82*1*PATEL*RAJ***XX*3456789012~
NM1*77*2*NORTHWEST SURGICAL ASC****XX*6666666666~
CAS*CO*45*96.48~
SVC*HC:99204*337.69*241.21**1~
DTM*472*20241210~
CLP*MMC2024000728*1*16.30*11.64*0*12*CLAIMREF001*11~
CLM*MMC2024000728*16.30***11:B:1*Y*A*Y*I~
NM1*82*1*MARTINEZ*CARLOS***XX*1234567890~
NM1*77*2*COMMUNITY IMAGING LLC****XX*5555555555~
CAS*CO*45*4.66~
SVC*HC:85025*16.30*11.64**1~
DTM*472*20241201~
CLP*MMC2024001071*1*140.00*100.00*0*12*CLAIMREF001*11~
CLM*MMC2024001071*140.00***22:B:1*Y*A*Y*I~
NM1*82*1*ANDERSON*DAVID***XX*8901234567~
NM1*77*2*REGIONAL MEDICAL CENTER****XX*4444444444~
CAS*CO*45*40.00~
SVC*HC:99232*140.00*100.00**1~
DTM*472*20241223~
CLP*MMC2024000183*1*195.03*139.31*0*12*CLAIMREF001*11~
CLM*MMC2024000183*195.03***11:B:1*Y*A*Y*I~
NM1*82*1*ANDERSON*DAVID***XX*8901234567~
NM1*77*2*COMMUNITY IMAGING LLC****XX*5555555555~
CAS*CO*45*55.72~
SVC*HC:99213*195.03*139.31**1~
DTM*472*20241226~
CLP*MMC2024000688*1*21.91*15.65*0*12*CLAIMREF001*11~
CLM*MMC2024000688*21.91***11:B:1*Y*A*Y*I~
NM1*82*1*MARTINEZ*CARLOS***XX*1234567890~
NM1*77*2*COMMUNITY IMAGING LLC****XX*5555555555~
CAS*CO*45*6.26~
SVC*HC:80053*21.91*15.65**1~
DTM*472*20241212~
CLP*MMC2024000375*1*293.01*209.29*0*12*CLAIMREF001*11~
CLM*MMC2024000375*293.01***22:B:1*Y*A*Y*I~
NM1*82*1*ANDERSON*DAVID***XX*8901234567~
NM1*77*2*REGIONAL MEDICAL CENTER****XX*4444444444~
CAS*CO*45*83.72~
SVC*HC:99214*293.01*209.29**1~
DTM*472*20241215~
CLP*MMC2024000530*1*343.46*245.33*0*12*CLAIMREF001*11~
CLM*MMC2024000530*343.46***22:B:1*Y*A*Y*I~
NM1*82*1*PATEL*RAJ***XX*3456789012~
NM1*77*2*REGIONAL MEDICAL CENTER****XX*4444444444~
CAS*CO*45*98.13~
SVC*HC:99204*343.46*245.33**1~
DTM*472*20241226~
CLP*MMC2024000263*1*199.29*142.35*0*12*CLAIMREF001*11~
CLM*MMC2024000263*199.29***24:B:1*Y*A*Y*I~
NM1*82*1*ANDERSON*DAVID***XX*8901234567~
NM1*77*2*NORTHWEST SURGICAL ASC****XX*6666666666~
CAS*CO*45*56.94~
SVC*HC:99213*199.29*142.35**1~
DTM*472*20241227~
CLP*MMC2024000965*1*17.82*12.73*0*12*CLAIMREF001*11~
CLM*MMC2024000965*17.82***11:B:1*Y*A*Y*I~
NM1*82*1*THOMPSON*MICHAEL***XX*6789012345~
NM1*77*2*COMMUNITY IMAGING LLC****XX*5555555555~
CAS*CO*45*5.09~
SVC*HC:36415*17.82*12.73**1~
DTM*472*20241219~
CLP*MMC2024000200*1*199.65*142.61*0*12*CLAIMREF001*11~
CLM*MMC2024000200*199.65***22:B:1*Y*A*Y*I~
NM1*82*1*MARTINEZ*CARLOS***XX*1234567890~
NM1*77*2*REGIONAL MEDICAL CENTER****XX*4444444444~
CAS*CO*45*57.04~
SVC*HC:99213*199.65*142.61**1~
DTM*472*20241204~
CLP*MMC2024000602*1*472.02*337.16*0*12*CLAIMREF001*11~
CLM*MMC2024000602*472.02***24:B:1*Y*A*Y*I~
NM1*82*1*PATEL*RAJ***XX*3456789012~
NM1*77*2*ORTHO SURGICAL CENTER****XX*3333333333~
CAS*CO*45*134.86~
SVC*HC:99205*472.02*337.16**1~
DTM*472*20241225~
CLP*MMC2024000371*1*284.40*203.14*0*12*CLAIMREF001*11~
CLM*MMC2024000371*284.40***19:B:1*Y*A*Y*I~
NM1*82*1*WILLIAMS*JAMES***XX*4567890123~
NM1*77*2*ST LUKE OUTPATIENT****XX*7777777777~
CAS*CO*45*81.26~
SVC*HC:99214*284.40*203.14**1~
DTM*472*20241223~
CLP*MMC2024000349*1*290.42*207.44*0*12*CLAIMREF001*11~
CLM*MMC2024000349*290.42***11:B:1*Y*A*Y*I~
NM1*82*1*THOMPSON*MICHAEL***XX*6789012345~
NM1*77*2*COMMUNITY IMAGING LLC****XX*5555555555~
CAS*CO*45*82.98~
SVC*HC:99214*290.42*207.44**1~
DTM*472*20241202~
CLP*MMC2024000615*1*22.19*15.85*0*12*CLAIMREF001*11~
CLM*MMC2024000615*22.19***11:B:1*Y*A*Y*I~
NM1*82*1*ANDERSON*DAVID***XX*8901234567~
NM1*77*2*ADVANCED IMAGING CENTER****XX*2222222222~
CAS*CO*45*6.34~
SVC*HC:80053*22.19*15.85**1~
DTM*472*20241202~
CLP*MMC2024001039*1*137.06*97.90*0*12*CLAIMREF001*11~
CLM*MMC2024001039*137.06***11:B:1*Y*A*Y*I~
NM1*82*1*ANDERSON*DAVID***XX*8901234567~
NM1*77*2*COMMUNITY IMAGING LLC****XX*5555555555~
CAS*CO*45*39.16~
SVC*HC:99232*137.06*97.90**1~
DTM*472*20241223~
CLP*MMC2024000735*1*15.88*11.34*0*12*CLAIMREF001*11~
CLM*MMC2024000735*15.88***11:B:1*Y*A*Y*I~
NM1*82*1*ANDERSON*DAVID***XX*8901234567~
NM1*77*2*ADVANCED IMAGING CENTER****XX*2222222222~
CAS*CO*45*4.54~
SVC*HC:85025*15.88*11.34**1~
DTM*472*20241221~
CLP*MMC2024000975*1*17.57*12.55*0*12*CLAIMREF001*11~
CLM*MMC2024000975*17.57***11:B:1*Y*A*Y*I~
NM1*82*1*ANDERSON*DAVID***XX*8901234567~
NM1*77*2*ADVANCED IMAGING CENTER****XX*2222222222~
CAS*CO*45*5.02~
SVC*HC:36415*17.57*12.55**1~
DTM*472*20241206~
CLP*MMC2024000456*1*340.41*243.15*0*12*CLAIMREF001*11~
CLM*MMC2024000456*340.41***11:B:1*Y*A*Y*I~
NM1*82*1*MARTINEZ*CARLOS***XX*1234567890~
NM1*77*2*COMMUNITY IMAGING LLC****XX*5555555555~
CAS*CO*45*97.26~
SVC*HC:99204*340.41*243.15**1~
DTM*472*20241222~
CLP*MMC2024000703*1*22.97*16.41*0*12*CLAIMREF001*11~
CLM*MMC2024000703*22.97***11:B:1*Y*A*Y*I~
NM1*82*1*ANDERSON*DAVID***XX*8901234567~
NM1*77*2*COMMUNITY IMAGING LLC****XX*5555555555~
CAS*CO*45*6.56~
SVC*HC:80053*22.97*16.41**1~
DTM*472*20241202~
CLP*MMC2024000389*1*283.82*202.73*0*12*CLAIMREF001*11~
CLM*MMC2024000389*283.82***24:B:1*Y*A*Y*I~
NM1*82*1*THOMPSON*MICHAEL***XX*6789012345~
NM1*77*2*NORTHWEST SURGICAL ASC****XX*6666666666~
CAS*CO*45*81.09~
SVC*HC:99214*283.82*202.73**1~
DTM*472*20241228~
CLP*MMC2024000073*1*7584.68*5417.63*0*12*CLAIMREF001*11~
CLM*MMC2024000073*7584.68***24:B:1*Y*A*Y*I~
NM1*82*1*JOHNSON*SARAH***XX*2345678901~
NM1*77*2*NORTHWEST SURGICAL ASC****XX*6666666666~
CAS*CO*45*2167.05~
SVC*HC:22551*7584.68*5417.63**1~
DTM*472*20241228~
CLP*MMC2024000796*1*15.88*11.34*0*12*CLAIMREF001*11~
CLM*MMC2024000796*15.88***11:B:1*Y*A*Y*I~
NM1*82*1*CHEN*LISA***XX*5678901234~
NM1*77*2*ADVANCED IMAGING CENTER****XX*2222222222~
CAS*CO*45*4.54~
SVC*HC:85025*15.88*11.34**1~
DTM*472*20241206~
CLP*MMC2024000829*1*16.44*11.74*0*12*CLAIMREF001*11~
CLM*MMC2024000829*16.44***22:B:1*Y*A*Y*I~
NM1*82*1*THOMPSON*MICHAEL***XX*6789012345~
NM1*77*2*MIDWEST GENERAL HOSPITAL****XX*1111111111~
CAS*CO*45*4.70~
SVC*HC:85025*16.44*11.74**1~
DTM*472*20241205~
CLP*MMC2024000858*1*30.79*21.99*0*12*CLAIMREF001*11~
CLM*MMC2024000858*30.79***22:B:1*Y*A*Y*I~
NM1*82*1*PATEL*RAJ***XX*3456789012~
NM1*77*2*MIDWEST GENERAL HOSPITAL****XX*1111111111~
CAS*CO*45*8.80~
SVC*HC:93000*30.79*21.99**1~
DTM*472*20241208~
CLP*MMC2024000532*1*341.17*243.69*0*12*CLAIMREF001*11~
CLM*MMC2024000532*341.17***11:B:1*Y*A*Y*I~
NM1*82*1*CHEN*LISA***XX*5678901234~
NM1*77*2*ADVANCED IMAGING CENTER****XX*2222222222~
CAS*CO*45*97.48~
SVC*HC:99204*341.17*243.69**1~
DTM*472*20241218~
CLP*MMC2024000606*1*21.85*15.61*0*12*CLAIMREF001*11~
CLM*MMC2024000606*21.85***11:B:1*Y*A*Y*I~
NM1*82*1*GARCIA*MARIA***XX*7890123456~
NM1*77*2*COMMUNITY IMAGING LLC****XX*5555555555~
CAS*CO*45*6.24~
SVC*HC:80053*21.85*15.61**1~
DTM*472*20241220~
CLP*MMC2024001019*1*143.98*102.84*0*12*CLAIMREF001*11~
CLM*MMC2024001019*143.98***11:B:1*Y*A*Y*I~
NM1*82*1*WILLIAMS*JAMES***XX*4567890123~
NM1*77*2*ADVANCED IMAGING CENTER****XX*2222222222~
CAS*CO*45*41.14~
SVC*HC:99283*143.98*102.84**1~
DTM*472*20241204~
CLP*MMC2024000053*1*546.06*390.04*0*12*CLAIMREF001*11~
CLM*MMC2024000053*546.06***24:B:1*Y*A*Y*I~
NM1*82*1*THOMPSON*MICHAEL***XX*6789012345~
NM1*77*2*ORTHO SURGICAL CENTER****XX*3333333333~
CAS*CO*45*156.02~
SVC*HC:93306*546.06*390.04**1~
DTM*472*20241202~
CLP*MMC2024000287*1*187.08*133.63*0*12*CLAIMREF001*11~
CLM*MMC2024000287*187.08***11:B:1*Y*A*Y*I~
NM1*82*1*ANDERSON*DAVID***XX*8901234567~
NM1*77*2*COMMUNITY IMAGING LLC****XX*5555555555~
CAS*CO*45*53.45~
SVC*HC:99213*187.08*133.63**1~
DTM*472*20241228~
CLP*MMC2024000655*1*21.32*15.23*0*12*CLAIMREF001*11~
CLM*MMC2024000655*21.32***11:B:1*Y*A*Y*I~
NM1*82*1*ANDERSON*DAVID***XX*8901234567~
NM1*77*2*COMMUNITY IMAGING LLC****XX*5555555555~
CAS*CO*45*6.09~
SVC*HC:80053*21.32*15.23**1~
DTM*472*20241221~
SE*7593*0001~
GE*1*1~
IEA*1*000000001~
