ISA*00*          *00*          *ZZ*CIGNA          *ZZ*MIDWESTMFG     *250103*1200*^*00501*000000001*0*P*:GS*HP*CIGNA*MIDWESTMFG*20250103*1200*1*X*005010X221A1ST*835*0001BPR*I*257683.79*C*ACH*CTX*01*011000015*DA*1234567890*1512345678**01*011000015*DA*9876543210*20250103TRN*1*12345678901234*1512345678DTM*405*20250103N1*PR*Cigna Health and Life Insurance CompanyN3*900 Cottage Grove RoadN4*Bloomfield*CT*06002N1*PE*Midwest Manufacturing Co*FI*363456789N3*4500 Industrial ParkwayN4*Columbus*OH*43228LX*1CLP*MMC2024000717*1*22.76*16.26*0*12*CLAIMREF001*11CAS*CO*45*6.50SVC*HC:80053*22.76*16.26**1DTM*472*20241219CLP*MMC2024000326*1*271.15*193.68*0*12*CLAIMREF001*11CAS*CO*45*77.47SVC*HC:99214*271.15*193.68**1DTM*472*20241211CLP*MMC2024000849*1*30.49*21.78*0*12*CLAIMREF001*11CAS*CO*45*8.71SVC*HC:93000*30.49*21.78**1DTM*472*20241211CLP*MMC2024000748*1*16.14*11.53*0*12*CLAIMREF001*11CAS*CO*45*4.61SVC*HC:85025*16.14*11.53**1DTM*472*20241220CLP*MMC2024000008*1*5476.03*3911.45*0*12*CLAIMREF001*11CAS*CO*45*1564.58SVC*HC:27447*5476.03*3911.45**1DTM*472*20241220CLP*MMC2024000073*1*7724.92*5517.80*0*12*CLAIMREF001*11CAS*CO*45*2207.12SVC*HC:22551*7724.92*5517.80**1DTM*472*20241209CLP*MMC2024000002*1*5762.36*4115.97*0*12*CLAIMREF001*11CAS*CO*45*1646.39SVC*HC:27447*5762.36*4115.97**1DTM*472*20241208CLP*MMC2024000610*1*23.21*16.58*0*12*CLAIMREF001*11CAS*CO*45*6.63SVC*HC:80053*23.21*16.58**1DTM*472*20241226CLP*MMC2024000432*1*266.92*190.66*0*12*CLAIMREF001*11CAS*CO*45*76.26SVC*HC:99214*266.92*190.66**1DTM*472*20241224CLP*MMC2024000114*1*193.47*138.19*0*12*CLAIMREF001*11CAS*CO*45*55.28SVC*HC:99213*193.47*138.19**1DTM*472*20241204CLP*MMC2024000745*1*16.60*11.86*0*12*CLAIMREF001*11CAS*CO*45*4.74SVC*HC:85025*16.60*11.86**1DTM*472*20241219CLP*MMC2024000436*1*269.63*192.59*0*12*CLAIMREF001*11CAS*CO*45*77.04SVC*HC:99214*269.63*192.59**1DTM*472*20241206CLP*MMC2024000309*1*289.07*206.48*0*12*CLAIMREF001*11CAS*CO*45*82.59SVC*HC:99214*289.07*206.48**1DTM*472*20241227CLP*MMC2024000020*1*2793.17*1995.12*0*12*CLAIMREF001*11CAS*CO*45*798.05SVC*HC:29881*2793.17*1995.12**1DTM*472*20241209CLP*MMC2024000648*1*22.39*15.99*0*12*CLAIMREF001*11CAS*CO*45*6.40SVC*HC:80053*22.39*15.99**1DTM*472*20241201CLP*MMC2024000302*1*201.78*144.13*0*12*CLAIMREF001*11CAS*CO*45*57.65SVC*HC:99213*201.78*144.13**1DTM*472*20241213CLP*MMC2024000177*1*190.68*136.20*0*12*CLAIMREF001*11CAS*CO*45*54.48SVC*HC:99213*190.68*136.20**1DTM*472*20241204CLP*MMC2024000146*1*186.63*133.31*0*12*CLAIMREF001*11CAS*CO*45*53.32SVC*HC:99213*186.63*133.31**1DTM*472*20241219CLP*MMC2024000853*1*33.03*23.59*0*12*CLAIMREF001*11CAS*CO*45*9.44SVC*HC:93000*33.03*23.59**1DTM*472*20241225CLP*MMC2024001041*1*137.86*98.47*0*12*CLAIMREF001*11CAS*CO*45*39.39SVC*HC:99232*137.86*98.47**1DTM*472*20241223CLP*MMC2024000953*1*18.17*12.98*0*12*CLAIMREF001*11CAS*CO*45*5.19SVC*HC:36415*18.17*12.98**1DTM*472*20241223CLP*MMC2024000487*1*344.18*245.84*0*12*CLAIMREF001*11CAS*CO*45*98.34SVC*HC:99204*344.18*245.84**1DTM*472*20241220CLP*MMC2024000652*1*21.22*15.16*0*12*CLAIMREF001*11CAS*CO*45*6.06SVC*HC:80053*21.22*15.16**1DTM*472*20241225CLP*MMC2024000179*1*190.83*136.31*0*12*CLAIMREF001*11CAS*CO*45*54.52SVC*HC:99213*190.83*136.31**1DTM*472*20241220CLP*MMC2024000619*1*22.11*15.79*0*12*CLAIMREF001*11CAS*CO*45*6.32SVC*HC:80053*22.11*15.79**1DTM*472*20241220CLP*MMC2024001042*1*132.41*94.58*0*12*CLAIMREF001*11CAS*CO*45*37.83SVC*HC:99232*132.41*94.58**1DTM*472*20241215CLP*MMC2024000410*1*292.45*208.89*0*12*CLAIMREF001*11CAS*CO*45*83.56SVC*HC:99214*292.45*208.89**1DTM*472*20241218CLP*MMC2024000260*1*198.48*141.77*0*12*CLAIMREF001*11CAS*CO*45*56.71SVC*HC:99213*198.48*141.77**1DTM*472*20241220CLP*MMC2024000013*1*2925.24*2089.46*0*12*CLAIMREF001*11CAS*CO*45*835.78SVC*HC:29881*2925.24*2089.46**1DTM*472*20241201CLP*MMC2024000784*1*15.75*11.25*0*12*CLAIMREF001*11CAS*CO*45*4.50SVC*HC:85025*15.75*11.25**1DTM*472*20241225CLP*MMC2024000674*1*22.22*15.87*0*12*CLAIMREF001*11CAS*CO*45*6.35SVC*HC:80053*22.22*15.87**1DTM*472*20241215CLP*MMC2024000219*1*185.98*132.84*0*12*CLAIMREF001*11CAS*CO*45*53.14SVC*HC:99213*185.98*132.84**1DTM*472*20241207CLP*MMC2024000894*1*33.04*23.60*0*12*CLAIMREF001*11CAS*CO*45*9.44SVC*HC:93000*33.04*23.60**1DTM*472*20241218CLP*MMC2024000663*1*22.82*16.30*0*12*CLAIMREF001*11CAS*CO*45*6.52SVC*HC:80053*22.82*16.30**1DTM*472*20241219CLP*MMC2024000126*1*202.59*144.71*0*12*CLAIMREF001*11CAS*CO*45*57.88SVC*HC:99213*202.59*144.71**1DTM*472*20241203CLP*MMC2024000938*1*18.97*13.55*0*12*CLAIMREF001*11CAS*CO*45*5.42SVC*HC:36415*18.97*13.55**1DTM*472*20241211CLP*MMC2024000628*1*21.32*15.23*0*12*CLAIMREF001*11CAS*CO*45*6.09SVC*HC:80053*21.32*15.23**1DTM*472*20241208CLP*MMC2024000021*1*1964.06*1402.90*0*12*CLAIMREF001*11CAS*CO*45*561.16SVC*HC:73721*1964.06*1402.90**1DTM*472*20241224CLP*MMC2024000409*1*268.77*191.98*0*12*CLAIMREF001*11CAS*CO*45*76.79SVC*HC:99214*268.77*191.98**1DTM*472*20241202CLP*MMC2024001058*1*136.11*97.22*0*12*CLAIMREF001*11CAS*CO*45*38.89SVC*HC:99232*136.11*97.22**1DTM*472*20241219CLP*MMC2024000733*1*16.24*11.60*0*12*CLAIMREF001*11CAS*CO*45*4.64SVC*HC:85025*16.24*11.60**1DTM*472*20241206CLP*MMC2024000443*1*267.23*190.88*0*12*CLAIMREF001*11CAS*CO*45*76.35SVC*HC:99214*267.23*190.88**1DTM*472*20241208CLP*MMC2024000469*1*348.75*249.11*0*12*CLAIMREF001*11CAS*CO*45*99.64SVC*HC:99204*348.75*249.11**1DTM*472*20241209CLP*MMC2024000100*1*396.00*282.86*0*12*CLAIMREF001*11CAS*CO*45*113.14SVC*HC:20610*396.00*282.86**1DTM*472*20241208CLP*MMC2024001024*1*140.14*100.10*0*12*CLAIMREF001*11CAS*CO*45*40.04SVC*HC:99283*140.14*100.10**1DTM*472*20241218CLP*MMC2024000886*1*32.65*23.32*0*12*CLAIMREF001*11CAS*CO*45*9.33SVC*HC:93000*32.65*23.32**1DTM*472*20241211CLP*MMC2024000813*1*15.57*11.12*0*12*CLAIMREF001*11CAS*CO*45*4.45SVC*HC:85025*15.57*11.12**1DTM*472*20241223CLP*MMC2024000522*1*334.57*238.98*0*12*CLAIMREF001*11CAS*CO*45*95.59SVC*HC:99204*334.57*238.98**1DTM*472*20241213CLP*MMC2024000600*1*463.23*330.88*0*12*CLAIMREF001*11CAS*CO*45*132.35SVC*HC:99205*463.23*330.88**1DTM*472*20241209CLP*MMC2024000032*1*1882.69*1344.78*0*12*CLAIMREF001*11CAS*CO*45*537.91SVC*HC:73721*1882.69*1344.78**1DTM*472*20241215CLP*MMC2024000642*1*21.88*15.63*0*12*CLAIMREF001*11CAS*CO*45*6.25SVC*HC:80053*21.88*15.63**1DTM*472*20241221CLP*MMC2024000102*1*378.88*270.63*0*12*CLAIMREF001*11CAS*CO*45*108.25SVC*HC:20610*378.88*270.63**1DTM*472*20241218CLP*MMC2024000580*1*439.10*313.64*0*12*CLAIMREF001*11CAS*CO*45*125.46SVC*HC:99205*439.10*313.64**1DTM*472*20241228CLP*MMC2024000612*1*22.82*16.30*0*12*CLAIMREF001*11CAS*CO*45*6.52SVC*HC:80053*22.82*16.30**1DTM*472*20241201CLP*MMC2024000476*1*337.69*241.21*0*12*CLAIMREF001*11CAS*CO*45*96.48SVC*HC:99204*337.69*241.21**1DTM*472*20241223CLP*MMC2024000714*1*22.13*15.81*0*12*CLAIMREF001*11CAS*CO*45*6.32SVC*HC:80053*22.13*15.81**1DTM*472*20241228CLP*MMC2024000929*1*17.46*12.47*0*12*CLAIMREF001*11CAS*CO*45*4.99SVC*HC:36415*17.46*12.47**1DTM*472*20241207CLP*MMC2024000869*1*32.30*23.07*0*12*CLAIMREF001*11CAS*CO*45*9.23SVC*HC:93000*32.30*23.07**1DTM*472*20241228CLP*MMC2024000903*1*32.09*22.92*0*12*CLAIMREF001*11CAS*CO*45*9.17SVC*HC:93000*32.09*22.92**1DTM*472*20241221CLP*MMC2024000540*1*457.07*326.48*0*12*CLAIMREF001*11CAS*CO*45*130.59SVC*HC:99205*457.07*326.48**1DTM*472*20241203CLP*MMC2024000866*1*32.86*23.47*0*12*CLAIMREF001*11CAS*CO*45*9.39SVC*HC:93000*32.86*23.47**1DTM*472*20241217CLP*MMC2024000343*1*282.16*201.54*0*12*CLAIMREF001*11CAS*CO*45*80.62SVC*HC:99214*282.16*201.54**1DTM*472*20241224CLP*MMC2024000737*1*15.75*11.25*0*12*CLAIMREF001*11CAS*CO*45*4.50SVC*HC:85025*15.75*11.25**1DTM*472*20241225CLP*MMC2024000645*1*23.17*16.55*0*12*CLAIMREF001*11CAS*CO*45*6.62SVC*HC:80053*23.17*16.55**1DTM*472*20241227CLP*MMC2024000896*1*32.06*22.90*0*12*CLAIMREF001*11CAS*CO*45*9.16SVC*HC:93000*32.06*22.90**1DTM*472*20241204CLP*MMC2024000838*1*15.65*11.18*0*12*CLAIMREF001*11CAS*CO*45*4.47SVC*HC:85025*15.65*11.18**1DTM*472*20241222CLP*MMC2024000559*1*447.03*319.31*0*12*CLAIMREF001*11CAS*CO*45*127.72SVC*HC:99205*447.03*319.31**1DTM*472*20241206CLP*MMC2024000699*1*22.60*16.14*0*12*CLAIMREF001*11CAS*CO*45*6.46SVC*HC:80053*22.60*16.14**1DTM*472*20241216CLP*MMC2024000314*1*277.41*198.15*0*12*CLAIMREF001*11CAS*CO*45*79.26SVC*HC:99214*277.41*198.15**1DTM*472*20241201CLP*MMC2024000011*1*2850.19*2035.85*0*12*CLAIMREF001*11CAS*CO*45*814.34SVC*HC:29881*2850.19*2035.85**1DTM*472*20241208CLP*MMC2024000265*1*185.99*132.85*0*12*CLAIMREF001*11CAS*CO*45*53.14SVC*HC:99213*185.99*132.85**1DTM*472*20241208CLP*MMC2024000727*1*15.51*11.08*0*12*CLAIMREF001*11CAS*CO*45*4.43SVC*HC:85025*15.51*11.08**1DTM*472*20241228CLP*MMC2024000160*1*190.18*135.84*0*12*CLAIMREF001*11CAS*CO*45*54.34SVC*HC:99213*190.18*135.84**1DTM*472*20241213CLP*MMC2024000754*1*16.72*11.94*0*12*CLAIMREF001*11CAS*CO*45*4.78SVC*HC:85025*16.72*11.94**1DTM*472*20241206CLP*MMC2024000464*1*346.54*247.53*0*12*CLAIMREF001*11CAS*CO*45*99.01SVC*HC:99204*346.54*247.53**1DTM*472*20241201CLP*MMC2024000583*1*473.13*337.95*0*12*CLAIMREF001*11CAS*CO*45*135.18SVC*HC:99205*473.13*337.95**1DTM*472*20241227CLP*MMC2024000299*1*186.76*133.40*0*12*CLAIMREF001*11CAS*CO*45*53.36SVC*HC:99213*186.76*133.40**1DTM*472*20241214CLP*MMC2024000806*1*16.44*11.74*0*12*CLAIMREF001*11CAS*CO*45*4.70SVC*HC:85025*16.44*11.74**1DTM*472*20241207CLP*MMC2024000890*1*30.81*22.01*0*12*CLAIMREF001*11CAS*CO*45*8.80SVC*HC:93000*30.81*22.01**1DTM*472*20241223CLP*MMC2024000998*1*18.30*13.07*0*12*CLAIMREF001*11CAS*CO*45*5.23SVC*HC:36415*18.30*13.07**1DTM*472*20241212CLP*MMC2024000206*1*201.35*143.82*0*12*CLAIMREF001*11CAS*CO*45*57.53SVC*HC:99213*201.35*143.82**1DTM*472*20241214CLP*MMC2024000378*1*278.85*199.18*0*12*CLAIMREF001*11CAS*CO*45*79.67SVC*HC:99214*278.85*199.18**1DTM*472*20241212CLP*MMC2024000794*1*16.53*11.81*0*12*CLAIMREF001*11CAS*CO*45*4.72SVC*HC:85025*16.53*11.81**1DTM*472*20241226CLP*MMC2024000825*1*17.08*12.20*0*12*CLAIMREF001*11CAS*CO*45*4.88SVC*HC:85025*17.08*12.20**1DTM*472*20241220CLP*MMC2024000633*1*21.99*15.71*0*12*CLAIMREF001*11CAS*CO*45*6.28SVC*HC:80053*21.99*15.71**1DTM*472*20241224CLP*MMC2024000711*1*22.40*16.00*0*12*CLAIMREF001*11CAS*CO*45*6.40SVC*HC:80053*22.40*16.00**1DTM*472*20241212CLP*MMC2024000034*1*1841.25*1315.18*0*12*CLAIMREF001*11CAS*CO*45*526.07SVC*HC:73721*1841.25*1315.18**1DTM*472*20241212CLP*MMC2024000945*1*18.34*13.10*0*12*CLAIMREF001*11CAS*CO*45*5.24SVC*HC:36415*18.34*13.10**1DTM*472*20241226CLP*MMC2024000059*1*425.63*304.02*0*12*CLAIMREF001*11CAS*CO*45*121.61SVC*HC:75571*425.63*304.02**1DTM*472*20241228CLP*MMC2024000215*1*189.85*135.61*0*12*CLAIMREF001*11CAS*CO*45*54.24SVC*HC:99213*189.85*135.61**1DTM*472*20241227CLP*MMC2024000930*1*17.47*12.48*0*12*CLAIMREF001*11CAS*CO*45*4.99SVC*HC:36415*17.47*12.48**1DTM*472*20241207CLP*MMC2024000245*1*199.12*142.23*0*12*CLAIMREF001*11CAS*CO*45*56.89SVC*HC:99213*199.12*142.23**1DTM*472*20241218CLP*MMC2024000594*1*459.07*327.91*0*12*CLAIMREF001*11CAS*CO*45*131.16SVC*HC:99205*459.07*327.91**1DTM*472*20241219CLP*MMC2024000852*1*30.86*22.04*0*12*CLAIMREF001*11CAS*CO*45*8.82SVC*HC:93000*30.86*22.04**1DTM*472*20241206CLP*MMC2024001017*1*138.17*98.69*0*12*CLAIMREF001*11CAS*CO*45*39.48SVC*HC:99283*138.17*98.69**1DTM*472*20241211CLP*MMC2024000404*1*279.89*199.92*0*12*CLAIMREF001*11CAS*CO*45*79.97SVC*HC:99214*279.89*199.92**1DTM*472*20241210CLP*MMC2024000627*1*21.74*15.53*0*12*CLAIMREF001*11CAS*CO*45*6.21SVC*HC:80053*21.74*15.53**1DTM*472*20241216CLP*MMC2024000978*1*19.07*13.62*0*12*CLAIMREF001*11CAS*CO*45*5.45SVC*HC:36415*19.07*13.62**1DTM*472*20241204CLP*MMC2024000233*1*189.22*135.16*0*12*CLAIMREF001*11CAS*CO*45*54.06SVC*HC:99213*189.22*135.16**1DTM*472*20241202CLP*MMC2024000690*1*22.51*16.08*0*12*CLAIMREF001*11CAS*CO*45*6.43SVC*HC:80053*22.51*16.08**1DTM*472*20241225CLP*MMC2024000646*1*22.08*15.77*0*12*CLAIMREF001*11CAS*CO*45*6.31SVC*HC:80053*22.08*15.77**1DTM*472*20241222CLP*MMC2024000132*1*190.12*135.80*0*12*CLAIMREF001*11CAS*CO*45*54.32SVC*HC:99213*190.12*135.80**1DTM*472*20241214CLP*MMC2024000828*1*15.74*11.24*0*12*CLAIMREF001*11CAS*CO*45*4.50SVC*HC:85025*15.74*11.24**1DTM*472*20241212CLP*MMC2024000001*1*5704.89*4074.92*0*12*CLAIMREF001*11CAS*CO*45*1629.97SVC*HC:27447*5704.89*4074.92**1DTM*472*20241201CLP*MMC2024000608*1*22.97*16.41*0*12*CLAIMREF001*11CAS*CO*45*6.56SVC*HC:80053*22.97*16.41**1DTM*472*20241224CLP*MMC2024000511*1*340.62*243.30*0*12*CLAIMREF001*11CAS*CO*45*97.32SVC*HC:99204*340.62*243.30**1DTM*472*20241226CLP*MMC2024000861*1*31.36*22.40*0*12*CLAIMREF001*11CAS*CO*45*8.96SVC*HC:93000*31.36*22.40**1DTM*472*20241226CLP*MMC2024000650*1*21.60*15.43*0*12*CLAIMREF001*11CAS*CO*45*6.17SVC*HC:80053*21.60*15.43**1DTM*472*20241205CLP*MMC2024000176*1*187.53*133.95*0*12*CLAIMREF001*11CAS*CO*45*53.58SVC*HC:99213*187.53*133.95**1DTM*472*20241205CLP*MMC2024000870*1*31.16*22.26*0*12*CLAIMREF001*11CAS*CO*45*8.90SVC*HC:93000*31.16*22.26**1DTM*472*20241221CLP*MMC2024001033*1*144.06*102.90*0*12*CLAIMREF001*11CAS*CO*45*41.16SVC*HC:99283*144.06*102.90**1DTM*472*20241221CLP*MMC2024000943*1*18.30*13.07*0*12*CLAIMREF001*11CAS*CO*45*5.23SVC*HC:36415*18.30*13.07**1DTM*472*20241216CLP*MMC2024000388*1*277.76*198.40*0*12*CLAIMREF001*11CAS*CO*45*79.36SVC*HC:99214*277.76*198.40**1DTM*472*20241201CLP*MMC2024000056*1*585.94*418.53*0*12*CLAIMREF001*11CAS*CO*45*167.41SVC*HC:93306*585.94*418.53**1DTM*472*20241213CLP*MMC2024000374*1*286.20*204.43*0*12*CLAIMREF001*11CAS*CO*45*81.77SVC*HC:99214*286.20*204.43**1DTM*472*20241219CLP*MMC2024000334*1*287.06*205.04*0*12*CLAIMREF001*11CAS*CO*45*82.02SVC*HC:99214*287.06*205.04**1DTM*472*20241221CLP*MMC2024000892*1*30.38*21.70*0*12*CLAIMREF001*11CAS*CO*45*8.68SVC*HC:93000*30.38*21.70**1DTM*472*20241203CLP*MMC2024000941*1*18.75*13.39*0*12*CLAIMREF001*11CAS*CO*45*5.36SVC*HC:36415*18.75*13.39**1DTM*472*20241213CLP*MMC2024000595*1*455.56*325.40*0*12*CLAIMREF001*11CAS*CO*45*130.16SVC*HC:99205*455.56*325.40**1DTM*472*20241205CLP*MMC2024000397*1*272.26*194.47*0*12*CLAIMREF001*11CAS*CO*45*77.79SVC*HC:99214*272.26*194.47**1DTM*472*20241204CLP*MMC2024000885*1*33.35*23.82*0*12*CLAIMREF001*11CAS*CO*45*9.53SVC*HC:93000*33.35*23.82**1DTM*472*20241227CLP*MMC2024000135*1*188.72*134.80*0*12*CLAIMREF001*11CAS*CO*45*53.92SVC*HC:99213*188.72*134.80**1DTM*472*20241201CLP*MMC2024000607*1*22.74*16.24*0*12*CLAIMREF001*11CAS*CO*45*6.50SVC*HC:80053*22.74*16.24**1DTM*472*20241208CLP*MMC2024000324*1*278.14*198.67*0*12*CLAIMREF001*11CAS*CO*45*79.47SVC*HC:99214*278.14*198.67**1DTM*472*20241202CLP*MMC2024001055*1*143.54*102.53*0*12*CLAIMREF001*11CAS*CO*45*41.01SVC*HC:99232*143.54*102.53**1DTM*472*20241214CLP*MMC2024000990*1*18.40*13.14*0*12*CLAIMREF001*11CAS*CO*45*5.26SVC*HC:36415*18.40*13.14**1DTM*472*20241210CLP*MMC2024000786*1*17.05*12.18*0*12*CLAIMREF001*11CAS*CO*45*4.87SVC*HC:85025*17.05*12.18**1DTM*472*20241221CLP*MMC2024000704*1*22.30*15.93*0*12*CLAIMREF001*11CAS*CO*45*6.37SVC*HC:80053*22.30*15.93**1DTM*472*20241219CLP*MMC2024000911*1*19.14*13.67*0*12*CLAIMREF001*11CAS*CO*45*5.47SVC*HC:36415*19.14*13.67**1DTM*472*20241218CLP*MMC2024000632*1*22.61*16.15*0*12*CLAIMREF001*11CAS*CO*45*6.46SVC*HC:80053*22.61*16.15**1DTM*472*20241218CLP*MMC2024000524*1*340.48*243.20*0*12*CLAIMREF001*11CAS*CO*45*97.28SVC*HC:99204*340.48*243.20**1DTM*472*20241211CLP*MMC2024001028*1*144.75*103.39*0*12*CLAIMREF001*11CAS*CO*45*41.36SVC*HC:99283*144.75*103.39**1DTM*472*20241220CLP*MMC2024000623*1*22.47*16.05*0*12*CLAIMREF001*11CAS*CO*45*6.42SVC*HC:80053*22.47*16.05**1DTM*472*20241215CLP*MMC2024000915*1*18.55*13.25*0*12*CLAIMREF001*11CAS*CO*45*5.30SVC*HC:36415*18.55*13.25**1DTM*472*20241212CLP*MMC2024000640*1*23.17*16.55*0*12*CLAIMREF001*11CAS*CO*45*6.62SVC*HC:80053*23.17*16.55**1DTM*472*20241228CLP*MMC2024000186*1*186.37*133.12*0*12*CLAIMREF001*11CAS*CO*45*53.25SVC*HC:99213*186.37*133.12**1DTM*472*20241211CLP*MMC2024000473*1*342.51*244.65*0*12*CLAIMREF001*11CAS*CO*45*97.86SVC*HC:99204*342.51*244.65**1DTM*472*20241214CLP*MMC2024000366*1*292.19*208.71*0*12*CLAIMREF001*11CAS*CO*45*83.48SVC*HC:99214*292.19*208.71**1DTM*472*20241209CLP*MMC2024000082*1*1890.83*1350.59*0*12*CLAIMREF001*11CAS*CO*45*540.24SVC*HC:75574*1890.83*1350.59**1DTM*472*20241216CLP*MMC2024000455*1*350.03*250.02*0*12*CLAIMREF001*11CAS*CO*45*100.01SVC*HC:99204*350.03*250.02**1DTM*472*20241223CLP*MMC2024000459*1*327.74*234.10*0*12*CLAIMREF001*11CAS*CO*45*93.64SVC*HC:99204*327.74*234.10**1DTM*472*20241214CLP*MMC2024000025*1*1968.32*1405.94*0*12*CLAIMREF001*11CAS*CO*45*562.38SVC*HC:73721*1968.32*1405.94**1DTM*472*20241220CLP*MMC2024000969*1*17.44*12.46*0*12*CLAIMREF001*11CAS*CO*45*4.98SVC*HC:36415*17.44*12.46**1DTM*472*20241205CLP*MMC2024000451*1*269.88*192.77*0*12*CLAIMREF001*11CAS*CO*45*77.11SVC*HC:99214*269.88*192.77**1DTM*472*20241210CLP*MMC2024000831*1*15.71*11.22*0*12*CLAIMREF001*11CAS*CO*45*4.49SVC*HC:85025*15.71*11.22**1DTM*472*20241223CLP*MMC2024000134*1*202.40*144.57*0*12*CLAIMREF001*11CAS*CO*45*57.83SVC*HC:99213*202.40*144.57**1DTM*472*20241202CLP*MMC2024000323*1*277.21*198.01*0*12*CLAIMREF001*11CAS*CO*45*79.20SVC*HC:99214*277.21*198.01**1DTM*472*20241228CLP*MMC2024000364*1*284.98*203.56*0*12*CLAIMREF001*11CAS*CO*45*81.42SVC*HC:99214*284.98*203.56**1DTM*472*20241214CLP*MMC2024000777*1*15.69*11.21*0*12*CLAIMREF001*11CAS*CO*45*4.48SVC*HC:85025*15.69*11.21**1DTM*472*20241217CLP*MMC2024000762*1*16.91*12.08*0*12*CLAIMREF001*11CAS*CO*45*4.83SVC*HC:85025*16.91*12.08**1DTM*472*20241219CLP*MMC2024000090*1*399.24*285.17*0*12*CLAIMREF001*11CAS*CO*45*114.07SVC*HC:20610*399.24*285.17**1DTM*472*20241205CLP*MMC2024000037*1*5344.92*3817.80*0*12*CLAIMREF001*11CAS*CO*45*1527.12SVC*HC:27130*5344.92*3817.80**1DTM*472*20241220CLP*MMC2024000793*1*15.61*11.15*0*12*CLAIMREF001*11CAS*CO*45*4.46SVC*HC:85025*15.61*11.15**1DTM*472*20241215CLP*MMC2024000908*1*18.16*12.97*0*12*CLAIMREF001*11CAS*CO*45*5.19SVC*HC:36415*18.16*12.97**1DTM*472*20241222CLP*MMC2024000726*1*17.01*12.15*0*12*CLAIMREF001*11CAS*CO*45*4.86SVC*HC:85025*17.01*12.15**1DTM*472*20241212CLP*MMC2024000076*1*687.50*491.07*0*12*CLAIMREF001*11CAS*CO*45*196.43SVC*HC:93350*687.50*491.07**1DTM*472*20241210CLP*MMC2024000027*1*1920.28*1371.63*0*12*CLAIMREF001*11CAS*CO*45*548.65SVC*HC:73721*1920.28*1371.63**1DTM*472*20241223CLP*MMC2024000396*1*277.91*198.51*0*12*CLAIMREF001*11CAS*CO*45*79.40SVC*HC:99214*277.91*198.51**1DTM*472*20241210CLP*MMC2024000241*1*191.65*136.89*0*12*CLAIMREF001*11CAS*CO*45*54.76SVC*HC:99213*191.65*136.89**1DTM*472*20241228CLP*MMC2024000832*1*17.04*12.17*0*12*CLAIMREF001*11CAS*CO*45*4.87SVC*HC:85025*17.04*12.17**1DTM*472*20241210CLP*MMC2024000376*1*274.64*196.17*0*12*CLAIMREF001*11CAS*CO*45*78.47SVC*HC:99214*274.64*196.17**1DTM*472*20241216CLP*MMC2024000437*1*280.66*200.47*0*12*CLAIMREF001*11CAS*CO*45*80.19SVC*HC:99214*280.66*200.47**1DTM*472*20241206CLP*MMC2024000151*1*197.13*140.81*0*12*CLAIMREF001*11CAS*CO*45*56.32SVC*HC:99213*197.13*140.81**1DTM*472*20241222CLP*MMC2024000499*1*357.73*255.52*0*12*CLAIMREF001*11CAS*CO*45*102.21SVC*HC:99204*357.73*255.52**1DTM*472*20241215CLP*MMC2024000647*1*21.53*15.38*0*12*CLAIMREF001*11CAS*CO*45*6.15SVC*HC:80053*21.53*15.38**1DTM*472*20241221CLP*MMC2024000567*1*480.34*343.10*0*12*CLAIMREF001*11CAS*CO*45*137.24SVC*HC:99205*480.34*343.10**1DTM*472*20241222CLP*MMC2024000494*1*359.80*257.00*0*12*CLAIMREF001*11CAS*CO*45*102.80SVC*HC:99204*359.80*257.00**1DTM*472*20241220CLP*MMC2024001009*1*145.53*103.95*0*12*CLAIMREF001*11CAS*CO*45*41.58SVC*HC:99283*145.53*103.95**1DTM*472*20241212CLP*MMC2024000706*1*21.80*15.57*0*12*CLAIMREF001*11CAS*CO*45*6.23SVC*HC:80053*21.80*15.57**1DTM*472*20241204CLP*MMC2024000149*1*204.27*145.91*0*12*CLAIMREF001*11CAS*CO*45*58.36SVC*HC:99213*204.27*145.91**1DTM*472*20241203CLP*MMC2024000143*1*189.76*135.54*0*12*CLAIMREF001*11CAS*CO*45*54.22SVC*HC:99213*189.76*135.54**1DTM*472*20241202CLP*MMC2024000133*1*194.99*139.28*0*12*CLAIMREF001*11CAS*CO*45*55.71SVC*HC:99213*194.99*139.28**1DTM*472*20241207CLP*MMC2024000688*1*21.29*15.21*0*12*CLAIMREF001*11CAS*CO*45*6.08SVC*HC:80053*21.29*15.21**1DTM*472*20241223CLP*MMC2024000974*1*17.96*12.83*0*12*CLAIMREF001*11CAS*CO*45*5.13SVC*HC:36415*17.96*12.83**1DTM*472*20241209CLP*MMC2024000067*1*422.49*301.78*0*12*CLAIMREF001*11CAS*CO*45*120.71SVC*HC:75571*422.49*301.78**1DTM*472*20241204CLP*MMC2024000026*1*1978.98*1413.56*0*12*CLAIMREF001*11CAS*CO*45*565.42SVC*HC:73721*1978.98*1413.56**1DTM*472*20241212CLP*MMC2024000500*1*358.90*256.36*0*12*CLAIMREF001*11CAS*CO*45*102.54SVC*HC:99204*358.90*256.36**1DTM*472*20241221CLP*MMC2024000441*1*273.28*195.20*0*12*CLAIMREF001*11CAS*CO*45*78.08SVC*HC:99214*273.28*195.20**1DTM*472*20241210CLP*MMC2024000111*1*203.78*145.56*0*12*CLAIMREF001*11CAS*CO*45*58.22SVC*HC:99213*203.78*145.56**1DTM*472*20241219CLP*MMC2024000085*1*1929.75*1378.39*0*12*CLAIMREF001*11CAS*CO*45*551.36SVC*HC:75574*1929.75*1378.39**1DTM*472*20241208CLP*MMC2024000946*1*17.54*12.53*0*12*CLAIMREF001*11CAS*CO*45*5.01SVC*HC:36415*17.54*12.53**1DTM*472*20241214CLP*MMC2024000395*1*274.48*196.06*0*12*CLAIMREF001*11CAS*CO*45*78.42SVC*HC:99214*274.48*196.06**1DTM*472*20241223CLP*MMC2024000527*1*339.63*242.59*0*12*CLAIMREF001*11CAS*CO*45*97.04SVC*HC:99204*339.63*242.59**1DTM*472*20241222CLP*MMC2024000188*1*204.64*146.17*0*12*CLAIMREF001*11CAS*CO*45*58.47SVC*HC:99213*204.64*146.17**1DTM*472*20241206CLP*MMC2024000993*1*19.08*13.63*0*12*CLAIMREF001*11CAS*CO*45*5.45SVC*HC:36415*19.08*13.63**1DTM*472*20241221CLP*MMC2024000811*1*17.11*12.22*0*12*CLAIMREF001*11CAS*CO*45*4.89SVC*HC:85025*17.11*12.22**1DTM*472*20241203CLP*MMC2024000765*1*15.97*11.41*0*12*CLAIMREF001*11CAS*CO*45*4.56SVC*HC:85025*15.97*11.41**1DTM*472*20241213CLP*MMC2024000166*1*186.94*133.53*0*12*CLAIMREF001*11CAS*CO*45*53.41SVC*HC:99213*186.94*133.53**1DTM*472*20241207CLP*MMC2024001034*1*138.82*99.16*0*12*CLAIMREF001*11CAS*CO*45*39.66SVC*HC:99283*138.82*99.16**1DTM*472*20241219CLP*MMC2024000750*1*15.99*11.42*0*12*CLAIMREF001*11CAS*CO*45*4.57SVC*HC:85025*15.99*11.42**1DTM*472*20241207CLP*MMC2024000276*1*188.94*134.96*0*12*CLAIMREF001*11CAS*CO*45*53.98SVC*HC:99213*188.94*134.96**1DTM*472*20241223CLP*MMC2024000687*1*22.19*15.85*0*12*CLAIMREF001*11CAS*CO*45*6.34SVC*HC:80053*22.19*15.85**1DTM*472*20241214CLP*MMC2024001069*1*140.64*100.46*0*12*CLAIMREF001*11CAS*CO*45*40.18SVC*HC:99232*140.64*100.46**1DTM*472*20241216CLP*MMC2024001067*1*132.24*94.46*0*12*CLAIMREF001*11CAS*CO*45*37.78SVC*HC:99232*132.24*94.46**1DTM*472*20241210CLP*MMC2024000452*1*281.86*201.33*0*12*CLAIMREF001*11CAS*CO*45*80.53SVC*HC:99214*281.86*201.33**1DTM*472*20241227CLP*MMC2024000744*1*16.20*11.57*0*12*CLAIMREF001*11CAS*CO*45*4.63SVC*HC:85025*16.20*11.57**1DTM*472*20241210CLP*MMC2024000872*1*32.14*22.96*0*12*CLAIMREF001*11CAS*CO*45*9.18SVC*HC:93000*32.14*22.96**1DTM*472*20241204CLP*MMC2024000959*1*19.12*13.66*0*12*CLAIMREF001*11CAS*CO*45*5.46SVC*HC:36415*19.12*13.66**1DTM*472*20241203CLP*MMC2024000629*1*23.03*16.45*0*12*CLAIMREF001*11CAS*CO*45*6.58SVC*HC:80053*23.03*16.45**1DTM*472*20241205CLP*MMC2024001075*1*137.13*97.95*0*12*CLAIMREF001*11CAS*CO*45*39.18SVC*HC:99232*137.13*97.95**1DTM*472*20241219CLP*MMC2024000513*1*326.45*233.18*0*12*CLAIMREF001*11CAS*CO*45*93.27SVC*HC:99204*326.45*233.18**1DTM*472*20241224CLP*MMC2024000266*1*204.72*146.23*0*12*CLAIMREF001*11CAS*CO*45*58.49SVC*HC:99213*204.72*146.23**1DTM*472*20241220CLP*MMC2024000108*1*195.55*139.68*0*12*CLAIMREF001*11CAS*CO*45*55.87SVC*HC:99213*195.55*139.68**1DTM*472*20241209CLP*MMC2024000928*1*18.70*13.36*0*12*CLAIMREF001*11CAS*CO*45*5.34SVC*HC:36415*18.70*13.36**1DTM*472*20241215CLP*MMC2024000502*1*358.40*256.00*0*12*CLAIMREF001*11CAS*CO*45*102.40SVC*HC:99204*358.40*256.00**1DTM*472*20241210CLP*MMC2024000738*1*16.51*11.79*0*12*CLAIMREF001*11CAS*CO*45*4.72SVC*HC:85025*16.51*11.79**1DTM*472*20241222CLP*MMC2024000372*1*291.34*208.10*0*12*CLAIMREF001*11CAS*CO*45*83.24SVC*HC:99214*291.34*208.10**1DTM*472*20241209CLP*MMC2024000725*1*16.65*11.89*0*12*CLAIMREF001*11CAS*CO*45*4.76SVC*HC:85025*16.65*11.89**1DTM*472*20241210CLP*MMC2024000123*1*189.22*135.16*0*12*CLAIMREF001*11CAS*CO*45*54.06SVC*HC:99213*189.22*135.16**1DTM*472*20241215CLP*MMC2024000730*1*16.72*11.94*0*12*CLAIMREF001*11CAS*CO*45*4.78SVC*HC:85025*16.72*11.94**1DTM*472*20241201CLP*MMC2024000760*1*15.57*11.12*0*12*CLAIMREF001*11CAS*CO*45*4.45SVC*HC:85025*15.57*11.12**1DTM*472*20241201CLP*MMC2024000019*1*2723.01*1945.01*0*12*CLAIMREF001*11CAS*CO*45*778.00SVC*HC:29881*2723.01*1945.01**1DTM*472*20241228CLP*MMC2024000097*1*406.41*290.29*0*12*CLAIMREF001*11CAS*CO*45*116.12SVC*HC:20610*406.41*290.29**1DTM*472*20241213CLP*MMC2024000798*1*15.57*11.12*0*12*CLAIMREF001*11CAS*CO*45*4.45SVC*HC:85025*15.57*11.12**1DTM*472*20241212CLP*MMC2024000422*1*269.40*192.43*0*12*CLAIMREF001*11CAS*CO*45*76.97SVC*HC:99214*269.40*192.43**1DTM*472*20241219CLP*MMC2024000184*1*186.51*133.22*0*12*CLAIMREF001*11CAS*CO*45*53.29SVC*HC:99213*186.51*133.22**1DTM*472*20241221CLP*MMC2024000288*1*194.31*138.79*0*12*CLAIMREF001*11CAS*CO*45*55.52SVC*HC:99213*194.31*138.79**1DTM*472*20241225CLP*MMC2024000817*1*17.00*12.14*0*12*CLAIMREF001*11CAS*CO*45*4.86SVC*HC:85025*17.00*12.14**1DTM*472*20241213CLP*MMC2024001038*1*149.49*106.78*0*12*CLAIMREF001*11CAS*CO*45*42.71SVC*HC:99283*149.49*106.78**1DTM*472*20241216CLP*MMC2024000715*1*21.31*15.22*0*12*CLAIMREF001*11CAS*CO*45*6.09SVC*HC:80053*21.31*15.22**1DTM*472*20241228CLP*MMC2024000078*1*670.17*478.69*0*12*CLAIMREF001*11CAS*CO*45*191.48SVC*HC:93350*670.17*478.69**1DTM*472*20241205CLP*MMC2024000505*1*360.04*257.17*0*12*CLAIMREF001*11CAS*CO*45*102.87SVC*HC:99204*360.04*257.17**1DTM*472*20241208CLP*MMC2024000036*1*5373.24*3838.03*0*12*CLAIMREF001*11CAS*CO*45*1535.21SVC*HC:27130*5373.24*3838.03**1DTM*472*20241222CLP*MMC2024001026*1*138.22*98.73*0*12*CLAIMREF001*11CAS*CO*45*39.49SVC*HC:99283*138.22*98.73**1DTM*472*20241219CLP*MMC2024000529*1*360.07*257.19*0*12*CLAIMREF001*11CAS*CO*45*102.88SVC*HC:99204*360.07*257.19**1DTM*472*20241216CLP*MMC2024000105*1*197.83*141.31*0*12*CLAIMREF001*11CAS*CO*45*56.52SVC*HC:99213*197.83*141.31**1DTM*472*20241208CLP*MMC2024000751*1*16.76*11.97*0*12*CLAIMREF001*11CAS*CO*45*4.79SVC*HC:85025*16.76*11.97**1DTM*472*20241225CLP*MMC2024000345*1*288.12*205.80*0*12*CLAIMREF001*11CAS*CO*45*82.32SVC*HC:99214*288.12*205.80**1DTM*472*20241210CLP*MMC2024000218*1*202.52*144.66*0*12*CLAIMREF001*11CAS*CO*45*57.86SVC*HC:99213*202.52*144.66**1DTM*472*20241208CLP*MMC2024000961*1*18.06*12.90*0*12*CLAIMREF001*11CAS*CO*45*5.16SVC*HC:36415*18.06*12.90**1DTM*472*20241226CLP*MMC2024000018*1*2724.57*1946.12*0*12*CLAIMREF001*11CAS*CO*45*778.45SVC*HC:29881*2724.57*1946.12**1DTM*472*20241213CLP*MMC2024000381*1*284.82*203.44*0*12*CLAIMREF001*11CAS*CO*45*81.38SVC*HC:99214*284.82*203.44**1DTM*472*20241209CLP*MMC2024000985*1*17.71*12.65*0*12*CLAIMREF001*11CAS*CO*45*5.06SVC*HC:36415*17.71*12.65**1DTM*472*20241223CLP*MMC2024000987*1*18.87*13.48*0*12*CLAIMREF001*11CAS*CO*45*5.39SVC*HC:36415*18.87*13.48**1DTM*472*20241228CLP*MMC2024000905*1*18.70*13.36*0*12*CLAIMREF001*11CAS*CO*45*5.34SVC*HC:36415*18.70*13.36**1DTM*472*20241210CLP*MMC2024000113*1*200.83*143.45*0*12*CLAIMREF001*11CAS*CO*45*57.38SVC*HC:99213*200.83*143.45**1DTM*472*20241226CLP*MMC2024000925*1*18.65*13.32*0*12*CLAIMREF001*11CAS*CO*45*5.33SVC*HC:36415*18.65*13.32**1DTM*472*20241223CLP*MMC2024000320*1*266.00*190.00*0*12*CLAIMREF001*11CAS*CO*45*76.00SVC*HC:99214*266.00*190.00**1DTM*472*20241213CLP*MMC2024000795*1*15.95*11.39*0*12*CLAIMREF001*11CAS*CO*45*4.56SVC*HC:85025*15.95*11.39**1DTM*472*20241202CLP*MMC2024000187*1*200.56*143.26*0*12*CLAIMREF001*11CAS*CO*45*57.30SVC*HC:99213*200.56*143.26**1DTM*472*20241221CLP*MMC2024000313*1*278.88*199.20*0*12*CLAIMREF001*11CAS*CO*45*79.68SVC*HC:99214*278.88*199.20**1DTM*472*20241209CLP*MMC2024000826*1*16.93*12.09*0*12*CLAIMREF001*11CAS*CO*45*4.84SVC*HC:85025*16.93*12.09**1DTM*472*20241211CLP*MMC2024000565*1*450.51*321.79*0*12*CLAIMREF001*11CAS*CO*45*128.72SVC*HC:99205*450.51*321.79**1DTM*472*20241201CLP*MMC2024000375*1*282.28*201.63*0*12*CLAIMREF001*11CAS*CO*45*80.65SVC*HC:99214*282.28*201.63**1DTM*472*20241213CLP*MMC2024000356*1*287.10*205.07*0*12*CLAIMREF001*11CAS*CO*45*82.03SVC*HC:99214*287.10*205.07**1DTM*472*20241212CLP*MMC2024000367*1*282.44*201.74*0*12*CLAIMREF001*11CAS*CO*45*80.70SVC*HC:99214*282.44*201.74**1DTM*472*20241218CLP*MMC2024000352*1*272.02*194.30*0*12*CLAIMREF001*11CAS*CO*45*77.72SVC*HC:99214*272.02*194.30**1DTM*472*20241223CLP*MMC2024000932*1*19.10*13.64*0*12*CLAIMREF001*11CAS*CO*45*5.46SVC*HC:36415*19.10*13.64**1DTM*472*20241217CLP*MMC2024000145*1*186.70*133.36*0*12*CLAIMREF001*11CAS*CO*45*53.34SVC*HC:99213*186.70*133.36**1DTM*472*20241211CLP*MMC2024000926*1*18.27*13.05*0*12*CLAIMREF001*11CAS*CO*45*5.22SVC*HC:36415*18.27*13.05**1DTM*472*20241206CLP*MMC2024000030*1*1998.00*1427.14*0*12*CLAIMREF001*11CAS*CO*45*570.86SVC*HC:73721*1998.00*1427.14**1DTM*472*20241228CLP*MMC2024000742*1*15.95*11.39*0*12*CLAIMREF001*11CAS*CO*45*4.56SVC*HC:85025*15.95*11.39**1DTM*472*20241225CLP*MMC2024000448*1*271.52*193.94*0*12*CLAIMREF001*11CAS*CO*45*77.58SVC*HC:99214*271.52*193.94**1DTM*472*20241205CLP*MMC2024000202*1*196.45*140.32*0*12*CLAIMREF001*11CAS*CO*45*56.13SVC*HC:99213*196.45*140.32**1DTM*472*20241228CLP*MMC2024000603*1*483.39*345.28*0*12*CLAIMREF001*11CAS*CO*45*138.11SVC*HC:99205*483.39*345.28**1DTM*472*20241210CLP*MMC2024000414*1*265.58*189.70*0*12*CLAIMREF001*11CAS*CO*45*75.88SVC*HC:99214*265.58*189.70**1DTM*472*20241210CLP*MMC2024000834*1*16.79*11.99*0*12*CLAIMREF001*11CAS*CO*45*4.80SVC*HC:85025*16.79*11.99**1DTM*472*20241227CLP*MMC2024000373*1*289.86*207.04*0*12*CLAIMREF001*11CAS*CO*45*82.82SVC*HC:99214*289.86*207.04**1DTM*472*20241208CLP*MMC2024000531*1*343.62*245.44*0*12*CLAIMREF001*11CAS*CO*45*98.18SVC*HC:99204*343.62*245.44**1DTM*472*20241219CLP*MMC2024000429*1*290.61*207.58*0*12*CLAIMREF001*11CAS*CO*45*83.03SVC*HC:99214*290.61*207.58**1DTM*472*20241210CLP*MMC2024000312*1*282.09*201.49*0*12*CLAIMREF001*11CAS*CO*45*80.60SVC*HC:99214*282.09*201.49**1DTM*472*20241208CLP*MMC2024000800*1*16.55*11.82*0*12*CLAIMREF001*11CAS*CO*45*4.73SVC*HC:85025*16.55*11.82**1DTM*472*20241228CLP*MMC2024000700*1*21.21*15.15*0*12*CLAIMREF001*11CAS*CO*45*6.06SVC*HC:80053*21.21*15.15**1DTM*472*20241227CLP*MMC2024000091*1*383.15*273.68*0*12*CLAIMREF001*11CAS*CO*45*109.47SVC*HC:20610*383.15*273.68**1DTM*472*20241216CLP*MMC2024000161*1*188.06*134.33*0*12*CLAIMREF001*11CAS*CO*45*53.73SVC*HC:99213*188.06*134.33**1DTM*472*20241221CLP*MMC2024000569*1*459.12*327.94*0*12*CLAIMREF001*11CAS*CO*45*131.18SVC*HC:99205*459.12*327.94**1DTM*472*20241212CLP*MMC2024000919*1*18.59*13.28*0*12*CLAIMREF001*11CAS*CO*45*5.31SVC*HC:36415*18.59*13.28**1DTM*472*20241204CLP*MMC2024000165*1*205.00*146.43*0*12*CLAIMREF001*11CAS*CO*45*58.57SVC*HC:99213*205.00*146.43**1DTM*472*20241204CLP*MMC2024000604*1*22.72*16.23*0*12*CLAIMREF001*11CAS*CO*45*6.49SVC*HC:80053*22.72*16.23**1DTM*472*20241211CLP*MMC2024000860*1*31.12*22.23*0*12*CLAIMREF001*11CAS*CO*45*8.89SVC*HC:93000*31.12*22.23**1DTM*472*20241208CLP*MMC2024000641*1*21.87*15.62*0*12*CLAIMREF001*11CAS*CO*45*6.25SVC*HC:80053*21.87*15.62**1DTM*472*20241222CLP*MMC2024000172*1*191.42*136.73*0*12*CLAIMREF001*11CAS*CO*45*54.69SVC*HC:99213*191.42*136.73**1DTM*472*20241226CLP*MMC2024001037*1*143.61*102.58*0*12*CLAIMREF001*11CAS*CO*45*41.03SVC*HC:99283*143.61*102.58**1DTM*472*20241221CLP*MMC2024000752*1*15.92*11.37*0*12*CLAIMREF001*11CAS*CO*45*4.55SVC*HC:85025*15.92*11.37**1DTM*472*20241211CLP*MMC2024000729*1*16.16*11.54*0*12*CLAIMREF001*11CAS*CO*45*4.62SVC*HC:85025*16.16*11.54**1DTM*472*20241205CLP*MMC2024000171*1*201.80*144.14*0*12*CLAIMREF001*11CAS*CO*45*57.66SVC*HC:99213*201.80*144.14**1DTM*472*20241223CLP*MMC2024000203*1*193.45*138.18*0*12*CLAIMREF001*11CAS*CO*45*55.27SVC*HC:99213*193.45*138.18**1DTM*472*20241220CLP*MMC2024001059*1*141.57*101.12*0*12*CLAIMREF001*11CAS*CO*45*40.45SVC*HC:99232*141.57*101.12**1DTM*472*20241207CLP*MMC2024000156*1*193.70*138.36*0*12*CLAIMREF001*11CAS*CO*45*55.34SVC*HC:99213*193.70*138.36**1DTM*472*20241219CLP*MMC2024000797*1*16.00*11.43*0*12*CLAIMREF001*11CAS*CO*45*4.57SVC*HC:85025*16.00*11.43**1DTM*472*20241215CLP*MMC2024000340*1*280.99*200.71*0*12*CLAIMREF001*11CAS*CO*45*80.28SVC*HC:99214*280.99*200.71**1DTM*472*20241207CLP*MMC2024000235*1*195.66*139.76*0*12*CLAIMREF001*11CAS*CO*45*55.90SVC*HC:99213*195.66*139.76**1DTM*472*20241226CLP*MMC2024000716*1*22.30*15.93*0*12*CLAIMREF001*11CAS*CO*45*6.37SVC*HC:80053*22.30*15.93**1DTM*472*20241204CLP*MMC2024000677*1*22.95*16.39*0*12*CLAIMREF001*11CAS*CO*45*6.56SVC*HC:80053*22.95*16.39**1DTM*472*20241214CLP*MMC2024000415*1*278.35*198.82*0*12*CLAIMREF001*11CAS*CO*45*79.53SVC*HC:99214*278.35*198.82**1DTM*472*20241215CLP*MMC2024000129*1*186.49*133.21*0*12*CLAIMREF001*11CAS*CO*45*53.28SVC*HC:99213*186.49*133.21**1DTM*472*20241218CLP*MMC2024000449*1*290.60*207.57*0*12*CLAIMREF001*11CAS*CO*45*83.03SVC*HC:99214*290.60*207.57**1DTM*472*20241227CLP*MMC2024000400*1*291.79*208.42*0*12*CLAIMREF001*11CAS*CO*45*83.37SVC*HC:99214*291.79*208.42**1DTM*472*20241223CLP*MMC2024000525*1*351.95*251.39*0*12*CLAIMREF001*11CAS*CO*45*100.56SVC*HC:99204*351.95*251.39**1DTM*472*20241223CLP*MMC2024000399*1*268.58*191.84*0*12*CLAIMREF001*11CAS*CO*45*76.74SVC*HC:99214*268.58*191.84**1DTM*472*20241218CLP*MMC2024000216*1*203.45*145.32*0*12*CLAIMREF001*11CAS*CO*45*58.13SVC*HC:99213*203.45*145.32**1DTM*472*20241212CLP*MMC2024000142*1*188.54*134.67*0*12*CLAIMREF001*11CAS*CO*45*53.87SVC*HC:99213*188.54*134.67**1DTM*472*20241210CLP*MMC2024000705*1*23.18*16.56*0*12*CLAIMREF001*11CAS*CO*45*6.62SVC*HC:80053*23.18*16.56**1DTM*472*20241218CLP*MMC2024000086*1*1789.54*1278.24*0*12*CLAIMREF001*11CAS*CO*45*511.30SVC*HC:75574*1789.54*1278.24**1DTM*472*20241219CLP*MMC2024001083*1*137.03*97.88*0*12*CLAIMREF001*11CAS*CO*45*39.15SVC*HC:99232*137.03*97.88**1DTM*472*20241226CLP*MMC2024000585*1*474.54*338.96*0*12*CLAIMREF001*11CAS*CO*45*135.58SVC*HC:99205*474.54*338.96**1DTM*472*20241208CLP*MMC2024000995*1*18.33*13.09*0*12*CLAIMREF001*11CAS*CO*45*5.24SVC*HC:36415*18.33*13.09**1DTM*472*20241204CLP*MMC2024000456*1*340.20*243.00*0*12*CLAIMREF001*11CAS*CO*45*97.20SVC*HC:99204*340.20*243.00**1DTM*472*20241209CLP*MMC2024000514*1*336.62*240.44*0*12*CLAIMREF001*11CAS*CO*45*96.18SVC*HC:99204*336.62*240.44**1DTM*472*20241219CLP*MMC2024000348*1*284.16*202.97*0*12*CLAIMREF001*11CAS*CO*45*81.19SVC*HC:99214*284.16*202.97**1DTM*472*20241213CLP*MMC2024000446*1*283.70*202.64*0*12*CLAIMREF001*11CAS*CO*45*81.06SVC*HC:99214*283.70*202.64**1DTM*472*20241207CLP*MMC2024000304*1*291.66*208.33*0*12*CLAIMREF001*11CAS*CO*45*83.33SVC*HC:99214*291.66*208.33**1DTM*472*20241201CLP*MMC2024000482*1*359.70*256.93*0*12*CLAIMREF001*11CAS*CO*45*102.77SVC*HC:99204*359.70*256.93**1DTM*472*20241213CLP*MMC2024000087*1*1955.98*1397.13*0*12*CLAIMREF001*11CAS*CO*45*558.85SVC*HC:75574*1955.98*1397.13**1DTM*472*20241203CLP*MMC2024000267*1*202.10*144.36*0*12*CLAIMREF001*11CAS*CO*45*57.74SVC*HC:99213*202.10*144.36**1DTM*472*20241203CLP*MMC2024000901*1*30.58*21.84*0*12*CLAIMREF001*11CAS*CO*45*8.74SVC*HC:93000*30.58*21.84**1DTM*472*20241227CLP*MMC2024000740*1*16.58*11.84*0*12*CLAIMREF001*11CAS*CO*45*4.74SVC*HC:85025*16.58*11.84**1DTM*472*20241216CLP*MMC2024001066*1*134.55*96.11*0*12*CLAIMREF001*11CAS*CO*45*38.44SVC*HC:99232*134.55*96.11**1DTM*472*20241212CLP*MMC2024000963*1*19.14*13.67*0*12*CLAIMREF001*11CAS*CO*45*5.47SVC*HC:36415*19.14*13.67**1DTM*472*20241205CLP*MMC2024000199*1*203.07*145.05*0*12*CLAIMREF001*11CAS*CO*45*58.02SVC*HC:99213*203.07*145.05**1DTM*472*20241207CLP*MMC2024000665*1*21.66*15.47*0*12*CLAIMREF001*11CAS*CO*45*6.19SVC*HC:80053*21.66*15.47**1DTM*472*20241205CLP*MMC2024001012*1*144.21*103.01*0*12*CLAIMREF001*11CAS*CO*45*41.20SVC*HC:99283*144.21*103.01**1DTM*472*20241225CLP*MMC2024000493*1*343.01*245.01*0*12*CLAIMREF001*11CAS*CO*45*98.00SVC*HC:99204*343.01*245.01**1DTM*472*20241201CLP*MMC2024000840*1*15.53*11.09*0*12*CLAIMREF001*11CAS*CO*45*4.44SVC*HC:85025*15.53*11.09**1DTM*472*20241210CLP*MMC2024000855*1*32.68*23.34*0*12*CLAIMREF001*11CAS*CO*45*9.34SVC*HC:93000*32.68*23.34**1DTM*472*20241202CLP*MMC2024000307*1*265.41*189.58*0*12*CLAIMREF001*11CAS*CO*45*75.83SVC*HC:99214*265.41*189.58**1DTM*472*20241212CLP*MMC2024000804*1*16.70*11.93*0*12*CLAIMREF001*11CAS*CO*45*4.77SVC*HC:85025*16.70*11.93**1DTM*472*20241202CLP*MMC2024000444*1*291.03*207.88*0*12*CLAIMREF001*11CAS*CO*45*83.15SVC*HC:99214*291.03*207.88**1DTM*472*20241226CLP*MMC2024000362*1*292.07*208.62*0*12*CLAIMREF001*11CAS*CO*45*83.45SVC*HC:99214*292.07*208.62**1DTM*472*20241221CLP*MMC2024000504*1*340.63*243.31*0*12*CLAIMREF001*11CAS*CO*45*97.32SVC*HC:99204*340.63*243.31**1DTM*472*20241216CLP*MMC2024000656*1*21.39*15.28*0*12*CLAIMREF001*11CAS*CO*45*6.11SVC*HC:80053*21.39*15.28**1DTM*472*20241220CLP*MMC2024000014*1*2910.88*2079.20*0*12*CLAIMREF001*11CAS*CO*45*831.68SVC*HC:29881*2910.88*2079.20**1DTM*472*20241206CLP*MMC2024000447*1*277.12*197.94*0*12*CLAIMREF001*11CAS*CO*45*79.18SVC*HC:99214*277.12*197.94**1DTM*472*20241218CLP*MMC2024000944*1*18.06*12.90*0*12*CLAIMREF001*11CAS*CO*45*5.16SVC*HC:36415*18.06*12.90**1DTM*472*20241226CLP*MMC2024000950*1*17.58*12.56*0*12*CLAIMREF001*11CAS*CO*45*5.02SVC*HC:36415*17.58*12.56**1DTM*472*20241211CLP*MMC2024000285*1*193.84*138.46*0*12*CLAIMREF001*11CAS*CO*45*55.38SVC*HC:99213*193.84*138.46**1DTM*472*20241218CLP*MMC2024000994*1*17.71*12.65*0*12*CLAIMREF001*11CAS*CO*45*5.06SVC*HC:36415*17.71*12.65**1DTM*472*20241212CLP*MMC2024000230*1*200.87*143.48*0*12*CLAIMREF001*11CAS*CO*45*57.39SVC*HC:99213*200.87*143.48**1DTM*472*20241214CLP*MMC2024000554*1*440.85*314.89*0*12*CLAIMREF001*11CAS*CO*45*125.96SVC*HC:99205*440.85*314.89**1DTM*472*20241226CLP*MMC2024000359*1*283.32*202.37*0*12*CLAIMREF001*11CAS*CO*45*80.95SVC*HC:99214*283.32*202.37**1DTM*472*20241201CLP*MMC2024000045*1*548.25*391.61*0*12*CLAIMREF001*11CAS*CO*45*156.64SVC*HC:93306*548.25*391.61**1DTM*472*20241202CLP*MMC2024000068*1*422.55*301.82*0*12*CLAIMREF001*11CAS*CO*45*120.73SVC*HC:75571*422.55*301.82**1DTM*472*20241218CLP*MMC2024000589*1*473.61*338.29*0*12*CLAIMREF001*11CAS*CO*45*135.32SVC*HC:99205*473.61*338.29**1DTM*472*20241225CLP*MMC2024001045*1*133.56*95.40*0*12*CLAIMREF001*11CAS*CO*45*38.16SVC*HC:99232*133.56*95.40**1DTM*472*20241228CLP*MMC2024000579*1*469.11*335.08*0*12*CLAIMREF001*11CAS*CO*45*134.03SVC*HC:99205*469.11*335.08**1DTM*472*20241209CLP*MMC2024000228*1*186.26*133.04*0*12*CLAIMREF001*11CAS*CO*45*53.22SVC*HC:99213*186.26*133.04**1DTM*472*20241220CLP*MMC2024000158*1*203.77*145.55*0*12*CLAIMREF001*11CAS*CO*45*58.22SVC*HC:99213*203.77*145.55**1DTM*472*20241207CLP*MMC2024000003*1*5470.71*3907.65*0*12*CLAIMREF001*11CAS*CO*45*1563.06SVC*HC:27447*5470.71*3907.65**1DTM*472*20241224CLP*MMC2024000893*1*30.44*21.74*0*12*CLAIMREF001*11CAS*CO*45*8.70SVC*HC:93000*30.44*21.74**1DTM*472*20241207CLP*MMC2024000802*1*16.32*11.66*0*12*CLAIMREF001*11CAS*CO*45*4.66SVC*HC:85025*16.32*11.66**1DTM*472*20241215CLP*MMC2024000709*1*22.01*15.72*0*12*CLAIMREF001*11CAS*CO*45*6.29SVC*HC:80053*22.01*15.72**1DTM*472*20241224CLP*MMC2024000163*1*203.66*145.47*0*12*CLAIMREF001*11CAS*CO*45*58.19SVC*HC:99213*203.66*145.47**1DTM*472*20241203CLP*MMC2024000394*1*293.06*209.33*0*12*CLAIMREF001*11CAS*CO*45*83.73SVC*HC:99214*293.06*209.33**1DTM*472*20241218CLP*MMC2024000821*1*16.04*11.46*0*12*CLAIMREF001*11CAS*CO*45*4.58SVC*HC:85025*16.04*11.46**1DTM*472*20241211CLP*MMC2024000562*1*449.83*321.31*0*12*CLAIMREF001*11CAS*CO*45*128.52SVC*HC:99205*449.83*321.31**1DTM*472*20241219CLP*MMC2024000421*1*284.41*203.15*0*12*CLAIMREF001*11CAS*CO*45*81.26SVC*HC:99214*284.41*203.15**1DTM*472*20241205CLP*MMC2024000079*1*654.57*467.55*0*12*CLAIMREF001*11CAS*CO*45*187.02SVC*HC:93350*654.57*467.55**1DTM*472*20241206CLP*MMC2024001013*1*149.63*106.88*0*12*CLAIMREF001*11CAS*CO*45*42.75SVC*HC:99283*149.63*106.88**1DTM*472*20241214CLP*MMC2024000433*1*268.02*191.44*0*12*CLAIMREF001*11CAS*CO*45*76.58SVC*HC:99214*268.02*191.44**1DTM*472*20241225CLP*MMC2024000884*1*31.09*22.21*0*12*CLAIMREF001*11CAS*CO*45*8.88SVC*HC:93000*31.09*22.21**1DTM*472*20241211CLP*MMC2024000127*1*194.17*138.69*0*12*CLAIMREF001*11CAS*CO*45*55.48SVC*HC:99213*194.17*138.69**1DTM*472*20241228CLP*MMC2024000152*1*202.34*144.53*0*12*CLAIMREF001*11CAS*CO*45*57.81SVC*HC:99213*202.34*144.53**1DTM*472*20241213CLP*MMC2024000507*1*339.54*242.53*0*12*CLAIMREF001*11CAS*CO*45*97.01SVC*HC:99204*339.54*242.53**1DTM*472*20241220CLP*MMC2024000958*1*18.56*13.26*0*12*CLAIMREF001*11CAS*CO*45*5.30SVC*HC:36415*18.56*13.26**1DTM*472*20241226CLP*MMC2024000442*1*284.87*203.48*0*12*CLAIMREF001*11CAS*CO*45*81.39SVC*HC:99214*284.87*203.48**1DTM*472*20241215CLP*MMC2024000596*1*442.88*316.34*0*12*CLAIMREF001*11CAS*CO*45*126.54SVC*HC:99205*442.88*316.34**1DTM*472*20241210CLP*MMC2024000300*1*191.97*137.12*0*12*CLAIMREF001*11CAS*CO*45*54.85SVC*HC:99213*191.97*137.12**1DTM*472*20241215CLP*MMC2024000349*1*276.32*197.37*0*12*CLAIMREF001*11CAS*CO*45*78.95SVC*HC:99214*276.32*197.37**1DTM*472*20241223CLP*MMC2024000096*1*407.09*290.78*0*12*CLAIMREF001*11CAS*CO*45*116.31SVC*HC:20610*407.09*290.78**1DTM*472*20241207CLP*MMC2024000222*1*190.96*136.40*0*12*CLAIMREF001*11CAS*CO*45*54.56SVC*HC:99213*190.96*136.40**1DTM*472*20241221CLP*MMC2024000584*1*480.47*343.19*0*12*CLAIMREF001*11CAS*CO*45*137.28SVC*HC:99205*480.47*343.19**1DTM*472*20241210CLP*MMC2024000284*1*201.43*143.88*0*12*CLAIMREF001*11CAS*CO*45*57.55SVC*HC:99213*201.43*143.88**1DTM*472*20241217CLP*MMC2024000692*1*21.55*15.39*0*12*CLAIMREF001*11CAS*CO*45*6.16SVC*HC:80053*21.55*15.39**1DTM*472*20241215CLP*MMC2024000117*1*194.63*139.02*0*12*CLAIMREF001*11CAS*CO*45*55.61SVC*HC:99213*194.63*139.02**1DTM*472*20241224CLP*MMC2024000536*1*457.65*326.89*0*12*CLAIMREF001*11CAS*CO*45*130.76SVC*HC:99205*457.65*326.89**1DTM*472*20241221CLP*MMC2024000769*1*17.00*12.14*0*12*CLAIMREF001*11CAS*CO*45*4.86SVC*HC:85025*17.00*12.14**1DTM*472*20241203CLP*MMC2024000140*1*204.95*146.39*0*12*CLAIMREF001*11CAS*CO*45*58.56SVC*HC:99213*204.95*146.39**1DTM*472*20241218CLP*MMC2024000996*1*19.19*13.71*0*12*CLAIMREF001*11CAS*CO*45*5.48SVC*HC:36415*19.19*13.71**1DTM*472*20241226CLP*MMC2024000577*1*465.26*332.33*0*12*CLAIMREF001*11CAS*CO*45*132.93SVC*HC:99205*465.26*332.33**1DTM*472*20241223CLP*MMC2024000168*1*203.74*145.53*0*12*CLAIMREF001*11CAS*CO*45*58.21SVC*HC:99213*203.74*145.53**1DTM*472*20241203CLP*MMC2024000401*1*270.41*193.15*0*12*CLAIMREF001*11CAS*CO*45*77.26SVC*HC:99214*270.41*193.15**1DTM*472*20241207CLP*MMC2024000989*1*18.03*12.88*0*12*CLAIMREF001*11CAS*CO*45*5.15SVC*HC:36415*18.03*12.88**1DTM*472*20241203CLP*MMC2024000801*1*15.65*11.18*0*12*CLAIMREF001*11CAS*CO*45*4.47SVC*HC:85025*15.65*11.18**1DTM*472*20241220CLP*MMC2024000639*1*21.55*15.39*0*12*CLAIMREF001*11CAS*CO*45*6.16SVC*HC:80053*21.55*15.39**1DTM*472*20241215CLP*MMC2024000175*1*191.35*136.68*0*12*CLAIMREF001*11CAS*CO*45*54.67SVC*HC:99213*191.35*136.68**1DTM*472*20241222CLP*MMC2024000799*1*16.86*12.04*0*12*CLAIMREF001*11CAS*CO*45*4.82SVC*HC:85025*16.86*12.04**1DTM*472*20241203CLP*MMC2024000119*1*204.74*146.24*0*12*CLAIMREF001*11CAS*CO*45*58.50SVC*HC:99213*204.74*146.24**1DTM*472*20241204CLP*MMC2024000535*1*439.43*313.88*0*12*CLAIMREF001*11CAS*CO*45*125.55SVC*HC:99205*439.43*313.88**1DTM*472*20241205CLP*MMC2024000051*1*557.65*398.32*0*12*CLAIMREF001*11CAS*CO*45*159.33SVC*HC:93306*557.65*398.32**1DTM*472*20241221CLP*MMC2024000028*1*1823.51*1302.51*0*12*CLAIMREF001*11CAS*CO*45*521.00SVC*HC:73721*1823.51*1302.51**1DTM*472*20241222CLP*MMC2024001015*1*136.61*97.58*0*12*CLAIMREF001*11CAS*CO*45*39.03SVC*HC:99283*136.61*97.58**1DTM*472*20241204CLP*MMC2024000382*1*280.76*200.54*0*12*CLAIMREF001*11CAS*CO*45*80.22SVC*HC:99214*280.76*200.54**1DTM*472*20241217CLP*MMC2024000257*1*203.11*145.08*0*12*CLAIMREF001*11CAS*CO*45*58.03SVC*HC:99213*203.11*145.08**1DTM*472*20241226CLP*MMC2024000462*1*334.24*238.74*0*12*CLAIMREF001*11CAS*CO*45*95.50SVC*HC:99204*334.24*238.74**1DTM*472*20241222CLP*MMC2024000763*1*16.20*11.57*0*12*CLAIMREF001*11CAS*CO*45*4.63SVC*HC:85025*16.20*11.57**1DTM*472*20241213CLP*MMC2024000624*1*23.09*16.49*0*12*CLAIMREF001*11CAS*CO*45*6.60SVC*HC:80053*23.09*16.49**1DTM*472*20241210CLP*MMC2024000072*1*7410.63*5293.31*0*12*CLAIMREF001*11CAS*CO*45*2117.32SVC*HC:22551*7410.63*5293.31**1DTM*472*20241224CLP*MMC2024000379*1*287.52*205.37*0*12*CLAIMREF001*11CAS*CO*45*82.15SVC*HC:99214*287.52*205.37**1DTM*472*20241211CLP*MMC2024000847*1*32.83*23.45*0*12*CLAIMREF001*11CAS*CO*45*9.38SVC*HC:93000*32.83*23.45**1DTM*472*20241227CLP*MMC2024000997*1*17.64*12.60*0*12*CLAIMREF001*11CAS*CO*45*5.04SVC*HC:36415*17.64*12.60**1DTM*472*20241226CLP*MMC2024000602*1*480.93*343.52*0*12*CLAIMREF001*11CAS*CO*45*137.41SVC*HC:99205*480.93*343.52**1DTM*472*20241216CLP*MMC2024000277*1*195.62*139.73*0*12*CLAIMREF001*11CAS*CO*45*55.89SVC*HC:99213*195.62*139.73**1DTM*472*20241202CLP*MMC2024000347*1*291.17*207.98*0*12*CLAIMREF001*11CAS*CO*45*83.19SVC*HC:99214*291.17*207.98**1DTM*472*20241219CLP*MMC2024000200*1*198.83*142.02*0*12*CLAIMREF001*11CAS*CO*45*56.81SVC*HC:99213*198.83*142.02**1DTM*472*20241222CLP*MMC2024000420*1*267.32*190.94*0*12*CLAIMREF001*11CAS*CO*45*76.38SVC*HC:99214*267.32*190.94**1DTM*472*20241221CLP*MMC2024000530*1*359.51*256.79*0*12*CLAIMREF001*11CAS*CO*45*102.72SVC*HC:99204*359.51*256.79**1DTM*472*20241205CLP*MMC2024001007*1*149.72*106.94*0*12*CLAIMREF001*11CAS*CO*45*42.78SVC*HC:99283*149.72*106.94**1DTM*472*20241221CLP*MMC2024000768*1*16.25*11.61*0*12*CLAIMREF001*11CAS*CO*45*4.64SVC*HC:85025*16.25*11.61**1DTM*472*20241223CLP*MMC2024000454*1*341.45*243.89*0*12*CLAIMREF001*11CAS*CO*45*97.56SVC*HC:99204*341.45*243.89**1DTM*472*20241215CLP*MMC2024000040*1*561.40*401.00*0*12*CLAIMREF001*11CAS*CO*45*160.40SVC*HC:93306*561.40*401.00**1DTM*472*20241209CLP*MMC2024000463*1*355.08*253.63*0*12*CLAIMREF001*11CAS*CO*45*101.45SVC*HC:99204*355.08*253.63**1DTM*472*20241219CLP*MMC2024000365*1*270.16*192.97*0*12*CLAIMREF001*11CAS*CO*45*77.19SVC*HC:99214*270.16*192.97**1DTM*472*20241217CLP*MMC2024000616*1*22.36*15.97*0*12*CLAIMREF001*11CAS*CO*45*6.39SVC*HC:80053*22.36*15.97**1DTM*472*20241227CLP*MMC2024000074*1*694.22*495.87*0*12*CLAIMREF001*11CAS*CO*45*198.35SVC*HC:93350*694.22*495.87**1DTM*472*20241225CLP*MMC2024000301*1*193.63*138.31*0*12*CLAIMREF001*11CAS*CO*45*55.32SVC*HC:99213*193.63*138.31**1DTM*472*20241207CLP*MMC2024000107*1*202.30*144.50*0*12*CLAIMREF001*11CAS*CO*45*57.80SVC*HC:99213*202.30*144.50**1DTM*472*20241203CLP*MMC2024000486*1*340.56*243.26*0*12*CLAIMREF001*11CAS*CO*45*97.30SVC*HC:99204*340.56*243.26**1DTM*472*20241207CLP*MMC2024000913*1*18.41*13.15*0*12*CLAIMREF001*11CAS*CO*45*5.26SVC*HC:36415*18.41*13.15**1DTM*472*20241213CLP*MMC2024000556*1*456.02*325.73*0*12*CLAIMREF001*11CAS*CO*45*130.29SVC*HC:99205*456.02*325.73**1DTM*472*20241205CLP*MMC2024000445*1*287.34*205.24*0*12*CLAIMREF001*11CAS*CO*45*82.10SVC*HC:99214*287.34*205.24**1DTM*472*20241219CLP*MMC2024000337*1*288.68*206.20*0*12*CLAIMREF001*11CAS*CO*45*82.48SVC*HC:99214*288.68*206.20**1DTM*472*20241220CLP*MMC2024000289*1*190.34*135.96*0*12*CLAIMREF001*11CAS*CO*45*54.38SVC*HC:99213*190.34*135.96**1DTM*472*20241221CLP*MMC2024000940*1*18.06*12.90*0*12*CLAIMREF001*11CAS*CO*45*5.16SVC*HC:36415*18.06*12.90**1DTM*472*20241213CLP*MMC2024000682*1*21.21*15.15*0*12*CLAIMREF001*11CAS*CO*45*6.06SVC*HC:80053*21.21*15.15**1DTM*472*20241209CLP*MMC2024001050*1*139.36*99.54*0*12*CLAIMREF001*11CAS*CO*45*39.82SVC*HC:99232*139.36*99.54**1DTM*472*20241211CLP*MMC2024000876*1*31.25*22.32*0*12*CLAIMREF001*11CAS*CO*45*8.93SVC*HC:93000*31.25*22.32**1DTM*472*20241217CLP*MMC2024000685*1*21.91*15.65*0*12*CLAIMREF001*11CAS*CO*45*6.26SVC*HC:80053*21.91*15.65**1DTM*472*20241220CLP*MMC2024000708*1*22.54*16.10*0*12*CLAIMREF001*11CAS*CO*45*6.44SVC*HC:80053*22.54*16.10**1DTM*472*20241225CLP*MMC2024000439*1*284.49*203.21*0*12*CLAIMREF001*11CAS*CO*45*81.28SVC*HC:99214*284.49*203.21**1DTM*472*20241216CLP*MMC2024000291*1*195.69*139.78*0*12*CLAIMREF001*11CAS*CO*45*55.91SVC*HC:99213*195.69*139.78**1DTM*472*20241221CLP*MMC2024000675*1*22.50*16.07*0*12*CLAIMREF001*11CAS*CO*45*6.43SVC*HC:80053*22.50*16.07**1DTM*472*20241201CLP*MMC2024000109*1*198.58*141.84*0*12*CLAIMREF001*11CAS*CO*45*56.74SVC*HC:99213*198.58*141.84**1DTM*472*20241207CLP*MMC2024000118*1*186.56*133.26*0*12*CLAIMREF001*11CAS*CO*45*53.30SVC*HC:99213*186.56*133.26**1DTM*472*20241221CLP*MMC2024000022*1*1897.81*1355.58*0*12*CLAIMREF001*11CAS*CO*45*542.23SVC*HC:73721*1897.81*1355.58**1DTM*472*20241204CLP*MMC2024001000*1*18.24*13.03*0*12*CLAIMREF001*11CAS*CO*45*5.21SVC*HC:36415*18.24*13.03**1DTM*472*20241218CLP*MMC2024000999*1*18.41*13.15*0*12*CLAIMREF001*11CAS*CO*45*5.26SVC*HC:36415*18.41*13.15**1DTM*472*20241212CLP*MMC2024000660*1*21.45*15.32*0*12*CLAIMREF001*11CAS*CO*45*6.13SVC*HC:80053*21.45*15.32**1DTM*472*20241222CLP*MMC2024000170*1*191.07*136.48*0*12*CLAIMREF001*11CAS*CO*45*54.59SVC*HC:99213*191.07*136.48**1DTM*472*20241215CLP*MMC2024000402*1*285.87*204.19*0*12*CLAIMREF001*11CAS*CO*45*81.68SVC*HC:99214*285.87*204.19**1DTM*472*20241209CLP*MMC2024000331*1*286.16*204.40*0*12*CLAIMREF001*11CAS*CO*45*81.76SVC*HC:99214*286.16*204.40**1DTM*472*20241202CLP*MMC2024000843*1*16.30*11.64*0*12*CLAIMREF001*11CAS*CO*45*4.66SVC*HC:85025*16.30*11.64**1DTM*472*20241208CLP*MMC2024000256*1*195.50*139.64*0*12*CLAIMREF001*11CAS*CO*45*55.86SVC*HC:99213*195.50*139.64**1DTM*472*20241226CLP*MMC2024000043*1*573.93*409.95*0*12*CLAIMREF001*11CAS*CO*45*163.98SVC*HC:93306*573.93*409.95**1DTM*472*20241227CLP*MMC2024000088*1*407.16*290.83*0*12*CLAIMREF001*11CAS*CO*45*116.33SVC*HC:20610*407.16*290.83**1DTM*472*20241227CLP*MMC2024000360*1*288.96*206.40*0*12*CLAIMREF001*11CAS*CO*45*82.56SVC*HC:99214*288.96*206.40**1DTM*472*20241227CLP*MMC2024000005*1*5847.10*4176.50*0*12*CLAIMREF001*11CAS*CO*45*1670.60SVC*HC:27447*5847.10*4176.50**1DTM*472*20241203CLP*MMC2024000864*1*33.39*23.85*0*12*CLAIMREF001*11CAS*CO*45*9.54SVC*HC:93000*33.39*23.85**1DTM*472*20241215CLP*MMC2024000029*1*1853.68*1324.06*0*12*CLAIMREF001*11CAS*CO*45*529.62SVC*HC:73721*1853.68*1324.06**1DTM*472*20241210CLP*MMC2024000244*1*193.48*138.20*0*12*CLAIMREF001*11CAS*CO*45*55.28SVC*HC:99213*193.48*138.20**1DTM*472*20241213CLP*MMC2024000495*1*353.82*252.73*0*12*CLAIMREF001*11CAS*CO*45*101.09SVC*HC:99204*353.82*252.73**1DTM*472*20241223CLP*MMC2024000951*1*18.61*13.29*0*12*CLAIMREF001*11CAS*CO*45*5.32SVC*HC:36415*18.61*13.29**1DTM*472*20241210CLP*MMC2024001023*1*139.73*99.81*0*12*CLAIMREF001*11CAS*CO*45*39.92SVC*HC:99283*139.73*99.81**1DTM*472*20241221CLP*MMC2024000702*1*21.28*15.20*0*12*CLAIMREF001*11CAS*CO*45*6.08SVC*HC:80053*21.28*15.20**1DTM*472*20241224CLP*MMC2024000048*1*586.81*419.15*0*12*CLAIMREF001*11CAS*CO*45*167.66SVC*HC:93306*586.81*419.15**1DTM*472*20241219CLP*MMC2024000680*1*21.22*15.16*0*12*CLAIMREF001*11CAS*CO*45*6.06SVC*HC:80053*21.22*15.16**1DTM*472*20241203CLP*MMC2024000865*1*31.85*22.75*0*12*CLAIMREF001*11CAS*CO*45*9.10SVC*HC:93000*31.85*22.75**1DTM*472*20241210CLP*MMC2024001022*1*144.89*103.49*0*12*CLAIMREF001*11CAS*CO*45*41.40SVC*HC:99283*144.89*103.49**1DTM*472*20241218CLP*MMC2024000440*1*273.38*195.27*0*12*CLAIMREF001*11CAS*CO*45*78.11SVC*HC:99214*273.38*195.27**1DTM*472*20241208CLP*MMC2024000335*1*266.36*190.26*0*12*CLAIMREF001*11CAS*CO*45*76.10SVC*HC:99214*266.36*190.26**1DTM*472*20241201CLP*MMC2024000042*1*574.13*410.09*0*12*CLAIMREF001*11CAS*CO*45*164.04SVC*HC:93306*574.13*410.09**1DTM*472*20241208CLP*MMC2024000773*1*16.14*11.53*0*12*CLAIMREF001*11CAS*CO*45*4.61SVC*HC:85025*16.14*11.53**1DTM*472*20241210CLP*MMC2024000591*1*445.03*317.88*0*12*CLAIMREF001*11CAS*CO*45*127.15SVC*HC:99205*445.03*317.88**1DTM*472*20241204CLP*MMC2024001011*1*146.97*104.98*0*12*CLAIMREF001*11CAS*CO*45*41.99SVC*HC:99283*146.97*104.98**1DTM*472*20241221CLP*MMC2024000753*1*15.69*11.21*0*12*CLAIMREF001*11CAS*CO*45*4.48SVC*HC:85025*15.69*11.21**1DTM*472*20241216CLP*MMC2024000671*1*21.56*15.40*0*12*CLAIMREF001*11CAS*CO*45*6.16SVC*HC:80053*21.56*15.40**1DTM*472*20241220CLP*MMC2024000694*1*21.81*15.58*0*12*CLAIMREF001*11CAS*CO*45*6.23SVC*HC:80053*21.81*15.58**1DTM*472*20241215CLP*MMC2024001071*1*143.30*102.36*0*12*CLAIMREF001*11CAS*CO*45*40.94SVC*HC:99232*143.30*102.36**1DTM*472*20241214CLP*MMC2024000568*1*463.96*331.40*0*12*CLAIMREF001*11CAS*CO*45*132.56SVC*HC:99205*463.96*331.40**1DTM*472*20241203CLP*MMC2024000622*1*21.56*15.40*0*12*CLAIMREF001*11CAS*CO*45*6.16SVC*HC:80053*21.56*15.40**1DTM*472*20241203CLP*MMC2024000756*1*16.65*11.89*0*12*CLAIMREF001*11CAS*CO*45*4.76SVC*HC:85025*16.65*11.89**1DTM*472*20241217CLP*MMC2024000509*1*356.05*254.32*0*12*CLAIMREF001*11CAS*CO*45*101.73SVC*HC:99204*356.05*254.32**1DTM*472*20241209CLP*MMC2024000586*1*466.75*333.39*0*12*CLAIMREF001*11CAS*CO*45*133.36SVC*HC:99205*466.75*333.39**1DTM*472*20241212CLP*MMC2024000204*1*200.14*142.96*0*12*CLAIMREF001*11CAS*CO*45*57.18SVC*HC:99213*200.14*142.96**1DTM*472*20241208CLP*MMC2024001080*1*143.01*102.15*0*12*CLAIMREF001*11CAS*CO*45*40.86SVC*HC:99232*143.01*102.15**1DTM*472*20241220CLP*MMC2024000696*1*21.28*15.20*0*12*CLAIMREF001*11CAS*CO*45*6.08SVC*HC:80053*21.28*15.20**1DTM*472*20241214CLP*MMC2024000182*1*202.16*144.40*0*12*CLAIMREF001*11CAS*CO*45*57.76SVC*HC:99213*202.16*144.40**1DTM*472*20241217CLP*MMC2024001029*1*140.64*100.46*0*12*CLAIMREF001*11CAS*CO*45*40.18SVC*HC:99283*140.64*100.46**1DTM*472*20241219CLP*MMC2024000130*1*201.84*144.17*0*12*CLAIMREF001*11CAS*CO*45*57.67SVC*HC:99213*201.84*144.17**1DTM*472*20241203CLP*MMC2024000270*1*199.11*142.22*0*12*CLAIMREF001*11CAS*CO*45*56.89SVC*HC:99213*199.11*142.22**1DTM*472*20241216CLP*MMC2024000318*1*278.29*198.78*0*12*CLAIMREF001*11CAS*CO*45*79.51SVC*HC:99214*278.29*198.78**1DTM*472*20241205CLP*MMC2024000099*1*392.90*280.64*0*12*CLAIMREF001*11CAS*CO*45*112.26SVC*HC:20610*392.90*280.64**1DTM*472*20241217CLP*MMC2024000124*1*188.24*134.46*0*12*CLAIMREF001*11CAS*CO*45*53.78SVC*HC:99213*188.24*134.46**1DTM*472*20241206CLP*MMC2024000521*1*356.24*254.46*0*12*CLAIMREF001*11CAS*CO*45*101.78SVC*HC:99204*356.24*254.46**1DTM*472*20241223CLP*MMC2024000269*1*196.76*140.54*0*12*CLAIMREF001*11CAS*CO*45*56.22SVC*HC:99213*196.76*140.54**1DTM*472*20241223CLP*MMC2024000520*1*342.01*244.29*0*12*CLAIMREF001*11CAS*CO*45*97.72SVC*HC:99204*342.01*244.29**1DTM*472*20241211CLP*MMC2024001014*1*143.00*102.14*0*12*CLAIMREF001*11CAS*CO*45*40.86SVC*HC:99283*143.00*102.14**1DTM*472*20241228CLP*MMC2024001048*1*145.08*103.63*0*12*CLAIMREF001*11CAS*CO*45*41.45SVC*HC:99232*145.08*103.63**1DTM*472*20241205CLP*MMC2024000897*1*32.84*23.46*0*12*CLAIMREF001*11CAS*CO*45*9.38SVC*HC:93000*32.84*23.46**1DTM*472*20241208CLP*MMC2024000782*1*15.67*11.19*0*12*CLAIMREF001*11CAS*CO*45*4.48SVC*HC:85025*15.67*11.19**1DTM*472*20241209CLP*MMC2024000413*1*278.95*199.25*0*12*CLAIMREF001*11CAS*CO*45*79.70SVC*HC:99214*278.95*199.25**1DTM*472*20241228CLP*MMC2024000221*1*202.38*144.56*0*12*CLAIMREF001*11CAS*CO*45*57.82SVC*HC:99213*202.38*144.56**1DTM*472*20241225CLP*MMC2024000637*1*23.16*16.54*0*12*CLAIMREF001*11CAS*CO*45*6.62SVC*HC:80053*23.16*16.54**1DTM*472*20241209CLP*MMC2024000979*1*17.86*12.76*0*12*CLAIMREF001*11CAS*CO*45*5.10SVC*HC:36415*17.86*12.76**1DTM*472*20241209CLP*MMC2024000912*1*18.33*13.09*0*12*CLAIMREF001*11CAS*CO*45*5.24SVC*HC:36415*18.33*13.09**1DTM*472*20241217CLP*MMC2024000258*1*199.88*142.77*0*12*CLAIMREF001*11CAS*CO*45*57.11SVC*HC:99213*199.88*142.77**1DTM*472*20241222CLP*MMC2024001016*1*143.22*102.30*0*12*CLAIMREF001*11CAS*CO*45*40.92SVC*HC:99283*143.22*102.30**1DTM*472*20241210CLP*MMC2024000638*1*21.14*15.10*0*12*CLAIMREF001*11CAS*CO*45*6.04SVC*HC:80053*21.14*15.10**1DTM*472*20241212CLP*MMC2024000895*1*33.38*23.84*0*12*CLAIMREF001*11CAS*CO*45*9.54SVC*HC:93000*33.38*23.84**1DTM*472*20241220CLP*MMC2024000862*1*32.87*23.48*0*12*CLAIMREF001*11CAS*CO*45*9.39SVC*HC:93000*32.87*23.48**1DTM*472*20241227CLP*MMC2024000370*1*281.78*201.27*0*12*CLAIMREF001*11CAS*CO*45*80.51SVC*HC:99214*281.78*201.27**1DTM*472*20241211CLP*MMC2024000272*1*198.32*141.66*0*12*CLAIMREF001*11CAS*CO*45*56.66SVC*HC:99213*198.32*141.66**1DTM*472*20241201CLP*MMC2024000498*1*329.57*235.41*0*12*CLAIMREF001*11CAS*CO*45*94.16SVC*HC:99204*329.57*235.41**1DTM*472*20241227CLP*MMC2024000519*1*352.58*251.84*0*12*CLAIMREF001*11CAS*CO*45*100.74SVC*HC:99204*352.58*251.84**1DTM*472*20241213CLP*MMC2024000746*1*16.30*11.64*0*12*CLAIMREF001*11CAS*CO*45*4.66SVC*HC:85025*16.30*11.64**1DTM*472*20241222CLP*MMC2024000673*1*23.09*16.49*0*12*CLAIMREF001*11CAS*CO*45*6.60SVC*HC:80053*23.09*16.49**1DTM*472*20241222CLP*MMC2024000273*1*202.94*144.96*0*12*CLAIMREF001*11CAS*CO*45*57.98SVC*HC:99213*202.94*144.96**1DTM*472*20241228CLP*MMC2024000830*1*16.65*11.89*0*12*CLAIMREF001*11CAS*CO*45*4.76SVC*HC:85025*16.65*11.89**1DTM*472*20241213CLP*MMC2024000009*1*2703.11*1930.79*0*12*CLAIMREF001*11CAS*CO*45*772.32SVC*HC:29881*2703.11*1930.79**1DTM*472*20241207CLP*MMC2024000250*1*193.44*138.17*0*12*CLAIMREF001*11CAS*CO*45*55.27SVC*HC:99213*193.44*138.17**1DTM*472*20241227CLP*MMC2024000878*1*30.66*21.90*0*12*CLAIMREF001*11CAS*CO*45*8.76SVC*HC:93000*30.66*21.90**1DTM*472*20241208CLP*MMC2024000248*1*198.74*141.96*0*12*CLAIMREF001*11CAS*CO*45*56.78SVC*HC:99213*198.74*141.96**1DTM*472*20241206CLP*MMC2024000734*1*16.10*11.50*0*12*CLAIMREF001*11CAS*CO*45*4.60SVC*HC:85025*16.10*11.50**1DTM*472*20241224CLP*MMC2024000758*1*16.81*12.01*0*12*CLAIMREF001*11CAS*CO*45*4.80SVC*HC:85025*16.81*12.01**1DTM*472*20241203CLP*MMC2024000479*1*352.49*251.78*0*12*CLAIMREF001*11CAS*CO*45*100.71SVC*HC:99204*352.49*251.78**1DTM*472*20241202CLP*MMC2024000342*1*286.65*204.75*0*12*CLAIMREF001*11CAS*CO*45*81.90SVC*HC:99214*286.65*204.75**1DTM*472*20241206CLP*MMC2024000780*1*17.07*12.19*0*12*CLAIMREF001*11CAS*CO*45*4.88SVC*HC:85025*17.07*12.19**1DTM*472*20241221CLP*MMC2024000317*1*285.46*203.90*0*12*CLAIMREF001*11CAS*CO*45*81.56SVC*HC:99214*285.46*203.90**1DTM*472*20241227CLP*MMC2024000031*1*1854.62*1324.73*0*12*CLAIMREF001*11CAS*CO*45*529.89SVC*HC:73721*1854.62*1324.73**1DTM*472*20241204CLP*MMC2024000192*1*203.97*145.69*0*12*CLAIMREF001*11CAS*CO*45*58.28SVC*HC:99213*203.97*145.69**1DTM*472*20241223CLP*MMC2024000234*1*199.35*142.39*0*12*CLAIMREF001*11CAS*CO*45*56.96SVC*HC:99213*199.35*142.39**1DTM*472*20241201CLP*MMC2024000259*1*187.17*133.69*0*12*CLAIMREF001*11CAS*CO*45*53.48SVC*HC:99213*187.17*133.69**1DTM*472*20241217CLP*MMC2024000723*1*22.90*16.36*0*12*CLAIMREF001*11CAS*CO*45*6.54SVC*HC:80053*22.90*16.36**1DTM*472*20241209CLP*MMC2024000875*1*30.63*21.88*0*12*CLAIMREF001*11CAS*CO*45*8.75SVC*HC:93000*30.63*21.88**1DTM*472*20241206CLP*MMC2024000155*1*186.28*133.06*0*12*CLAIMREF001*11CAS*CO*45*53.22SVC*HC:99213*186.28*133.06**1DTM*472*20241203CLP*MMC2024000070*1*7550.03*5392.88*0*12*CLAIMREF001*11CAS*CO*45*2157.15SVC*HC:22551*7550.03*5392.88**1DTM*472*20241204CLP*MMC2024000237*1*203.87*145.62*0*12*CLAIMREF001*11CAS*CO*45*58.25SVC*HC:99213*203.87*145.62**1DTM*472*20241224CLP*MMC2024000916*1*17.85*12.75*0*12*CLAIMREF001*11CAS*CO*45*5.10SVC*HC:36415*17.85*12.75**1DTM*472*20241201CLP*MMC2024000605*1*22.85*16.32*0*12*CLAIMREF001*11CAS*CO*45*6.53SVC*HC:80053*22.85*16.32**1DTM*472*20241215CLP*MMC2024001002*1*17.51*12.51*0*12*CLAIMREF001*11CAS*CO*45*5.00SVC*HC:36415*17.51*12.51**1DTM*472*20241213CLP*MMC2024000658*1*23.25*16.61*0*12*CLAIMREF001*11CAS*CO*45*6.64SVC*HC:80053*23.25*16.61**1DTM*472*20241205CLP*MMC2024000077*1*685.58*489.70*0*12*CLAIMREF001*11CAS*CO*45*195.88SVC*HC:93350*685.58*489.70**1DTM*472*20241217CLP*MMC2024000661*1*22.99*16.42*0*12*CLAIMREF001*11CAS*CO*45*6.57SVC*HC:80053*22.99*16.42**1DTM*472*20241205CLP*MMC2024000899*1*31.14*22.24*0*12*CLAIMREF001*11CAS*CO*45*8.90SVC*HC:93000*31.14*22.24**1DTM*472*20241221CLP*MMC2024000615*1*22.72*16.23*0*12*CLAIMREF001*11CAS*CO*45*6.49SVC*HC:80053*22.72*16.23**1DTM*472*20241209CLP*MMC2024000532*1*337.78*241.27*0*12*CLAIMREF001*11CAS*CO*45*96.51SVC*HC:99204*337.78*241.27**1DTM*472*20241204CLP*MMC2024000649*1*21.18*15.13*0*12*CLAIMREF001*11CAS*CO*45*6.05SVC*HC:80053*21.18*15.13**1DTM*472*20241211CLP*MMC2024000174*1*198.55*141.82*0*12*CLAIMREF001*11CAS*CO*45*56.73SVC*HC:99213*198.55*141.82**1DTM*472*20241218CLP*MMC2024000361*1*278.92*199.23*0*12*CLAIMREF001*11CAS*CO*45*79.69SVC*HC:99214*278.92*199.23**1DTM*472*20241214CLP*MMC2024000173*1*198.28*141.63*0*12*CLAIMREF001*11CAS*CO*45*56.65SVC*HC:99213*198.28*141.63**1DTM*472*20241201CLP*MMC2024000676*1*21.20*15.14*0*12*CLAIMREF001*11CAS*CO*45*6.06SVC*HC:80053*21.20*15.14**1DTM*472*20241216CLP*MMC2024000503*1*343.85*245.61*0*12*CLAIMREF001*11CAS*CO*45*98.24SVC*HC:99204*343.85*245.61**1DTM*472*20241209CLP*MMC2024000743*1*16.34*11.67*0*12*CLAIMREF001*11CAS*CO*45*4.67SVC*HC:85025*16.34*11.67**1DTM*472*20241212CLP*MMC2024000851*1*30.79*21.99*0*12*CLAIMREF001*11CAS*CO*45*8.80SVC*HC:93000*30.79*21.99**1DTM*472*20241213CLP*MMC2024001030*1*136.40*97.43*0*12*CLAIMREF001*11CAS*CO*45*38.97SVC*HC:99283*136.40*97.43**1DTM*472*20241228CLP*MMC2024000512*1*343.81*245.58*0*12*CLAIMREF001*11CAS*CO*45*98.23SVC*HC:99204*343.81*245.58**1DTM*472*20241227CLP*MMC2024000252*1*189.62*135.44*0*12*CLAIMREF001*11CAS*CO*45*54.18SVC*HC:99213*189.62*135.44**1DTM*472*20241226CLP*MMC2024001021*1*136.93*97.81*0*12*CLAIMREF001*11CAS*CO*45*39.12SVC*HC:99283*136.93*97.81**1DTM*472*20241207CLP*MMC2024001027*1*138.01*98.58*0*12*CLAIMREF001*11CAS*CO*45*39.43SVC*HC:99283*138.01*98.58**1DTM*472*20241222CLP*MMC2024000816*1*15.76*11.26*0*12*CLAIMREF001*11CAS*CO*45*4.50SVC*HC:85025*15.76*11.26**1DTM*472*20241212CLP*MMC2024000201*1*187.52*133.94*0*12*CLAIMREF001*11CAS*CO*45*53.58SVC*HC:99213*187.52*133.94**1DTM*472*20241225CLP*MMC2024000783*1*15.82*11.30*0*12*CLAIMREF001*11CAS*CO*45*4.52SVC*HC:85025*15.82*11.30**1DTM*472*20241220CLP*MMC2024000917*1*18.05*12.89*0*12*CLAIMREF001*11CAS*CO*45*5.16SVC*HC:36415*18.05*12.89**1DTM*472*20241203CLP*MMC2024000887*1*32.90*23.50*0*12*CLAIMREF001*11CAS*CO*45*9.40SVC*HC:93000*32.90*23.50**1DTM*472*20241205CLP*MMC2024001010*1*137.65*98.32*0*12*CLAIMREF001*11CAS*CO*45*39.33SVC*HC:99283*137.65*98.32**1DTM*472*20241227CLP*MMC2024000906*1*18.17*12.98*0*12*CLAIMREF001*11CAS*CO*45*5.19SVC*HC:36415*18.17*12.98**1DTM*472*20241220CLP*MMC2024000960*1*18.62*13.30*0*12*CLAIMREF001*11CAS*CO*45*5.32SVC*HC:36415*18.62*13.30**1DTM*472*20241213CLP*MMC2024000636*1*22.15*15.82*0*12*CLAIMREF001*11CAS*CO*45*6.33SVC*HC:80053*22.15*15.82**1DTM*472*20241214CLP*MMC2024000720*1*22.88*16.34*0*12*CLAIMREF001*11CAS*CO*45*6.54SVC*HC:80053*22.88*16.34**1DTM*472*20241220CLP*MMC2024000635*1*22.53*16.09*0*12*CLAIMREF001*11CAS*CO*45*6.44SVC*HC:80053*22.53*16.09**1DTM*472*20241227CLP*MMC2024000321*1*281.76*201.26*0*12*CLAIMREF001*11CAS*CO*45*80.50SVC*HC:99214*281.76*201.26**1DTM*472*20241222CLP*MMC2024000983*1*17.75*12.68*0*12*CLAIMREF001*11CAS*CO*45*5.07SVC*HC:36415*17.75*12.68**1DTM*472*20241205CLP*MMC2024000814*1*16.21*11.58*0*12*CLAIMREF001*11CAS*CO*45*4.63SVC*HC:85025*16.21*11.58**1DTM*472*20241215CLP*MMC2024000328*1*273.01*195.01*0*12*CLAIMREF001*11CAS*CO*45*78.00SVC*HC:99214*273.01*195.01**1DTM*472*20241227CLP*MMC2024000481*1*335.03*239.31*0*12*CLAIMREF001*11CAS*CO*45*95.72SVC*HC:99204*335.03*239.31**1DTM*472*20241204CLP*MMC2024000101*1*386.97*276.41*0*12*CLAIMREF001*11CAS*CO*45*110.56SVC*HC:20610*386.97*276.41**1DTM*472*20241211CLP*MMC2024000914*1*18.98*13.56*0*12*CLAIMREF001*11CAS*CO*45*5.42SVC*HC:36415*18.98*13.56**1DTM*472*20241202CLP*MMC2024000510*1*352.91*252.08*0*12*CLAIMREF001*11CAS*CO*45*100.83SVC*HC:99204*352.91*252.08**1DTM*472*20241228CLP*MMC2024000850*1*33.17*23.69*0*12*CLAIMREF001*11CAS*CO*45*9.48SVC*HC:93000*33.17*23.69**1DTM*472*20241220CLP*MMC2024000808*1*16.32*11.66*0*12*CLAIMREF001*11CAS*CO*45*4.66SVC*HC:85025*16.32*11.66**1DTM*472*20241202CLP*MMC2024000845*1*30.62*21.87*0*12*CLAIMREF001*11CAS*CO*45*8.75SVC*HC:93000*30.62*21.87**1DTM*472*20241228CLP*MMC2024000728*1*15.74*11.24*0*12*CLAIMREF001*11CAS*CO*45*4.50SVC*HC:85025*15.74*11.24**1DTM*472*20241222CLP*MMC2024000368*1*286.87*204.91*0*12*CLAIMREF001*11CAS*CO*45*81.96SVC*HC:99214*286.87*204.91**1DTM*472*20241215CLP*MMC2024000547*1*449.55*321.11*0*12*CLAIMREF001*11CAS*CO*45*128.44SVC*HC:99205*449.55*321.11**1DTM*472*20241222CLP*MMC2024000478*1*358.83*256.31*0*12*CLAIMREF001*11CAS*CO*45*102.52SVC*HC:99204*358.83*256.31**1DTM*472*20241227CLP*MMC2024000390*1*276.53*197.52*0*12*CLAIMREF001*11CAS*CO*45*79.01SVC*HC:99214*276.53*197.52**1DTM*472*20241208CLP*MMC2024000290*1*190.93*136.38*0*12*CLAIMREF001*11CAS*CO*45*54.55SVC*HC:99213*190.93*136.38**1DTM*472*20241225CLP*MMC2024000330*1*267.53*191.09*0*12*CLAIMREF001*11CAS*CO*45*76.44SVC*HC:99214*267.53*191.09**1DTM*472*20241201CLP*MMC2024000566*1*480.23*343.02*0*12*CLAIMREF001*11CAS*CO*45*137.21SVC*HC:99205*480.23*343.02**1DTM*472*20241215CLP*MMC2024000934*1*18.38*13.13*0*12*CLAIMREF001*11CAS*CO*45*5.25SVC*HC:36415*18.38*13.13**1DTM*472*20241209CLP*MMC2024000882*1*31.57*22.55*0*12*CLAIMREF001*11CAS*CO*45*9.02SVC*HC:93000*31.57*22.55**1DTM*472*20241213CLP*MMC2024000210*1*198.59*141.85*0*12*CLAIMREF001*11CAS*CO*45*56.74SVC*HC:99213*198.59*141.85**1DTM*472*20241224CLP*MMC2024000599*1*475.03*339.31*0*12*CLAIMREF001*11CAS*CO*45*135.72SVC*HC:99205*475.03*339.31**1DTM*472*20241212CLP*MMC2024000581*1*470.39*335.99*0*12*CLAIMREF001*11CAS*CO*45*134.40SVC*HC:99205*470.39*335.99**1DTM*472*20241224CLP*MMC2024000962*1*18.76*13.40*0*12*CLAIMREF001*11CAS*CO*45*5.36SVC*HC:36415*18.76*13.40**1DTM*472*20241206CLP*MMC2024000195*1*196.88*140.63*0*12*CLAIMREF001*11CAS*CO*45*56.25SVC*HC:99213*196.88*140.63**1DTM*472*20241205CLP*MMC2024000217*1*191.46*136.76*0*12*CLAIMREF001*11CAS*CO*45*54.70SVC*HC:99213*191.46*136.76**1DTM*472*20241226CLP*MMC2024000016*1*2774.42*1981.73*0*12*CLAIMREF001*11CAS*CO*45*792.69SVC*HC:29881*2774.42*1981.73**1DTM*472*20241207CLP*MMC2024001031*1*136.22*97.30*0*12*CLAIMREF001*11CAS*CO*45*38.92SVC*HC:99283*136.22*97.30**1DTM*472*20241202CLP*MMC2024000341*1*278.22*198.73*0*12*CLAIMREF001*11CAS*CO*45*79.49SVC*HC:99214*278.22*198.73**1DTM*472*20241209CLP*MMC2024000214*1*186.27*133.05*0*12*CLAIMREF001*11CAS*CO*45*53.22SVC*HC:99213*186.27*133.05**1DTM*472*20241216CLP*MMC2024000948*1*19.21*13.72*0*12*CLAIMREF001*11CAS*CO*45*5.49SVC*HC:36415*19.21*13.72**1DTM*472*20241206CLP*MMC2024000651*1*22.81*16.29*0*12*CLAIMREF001*11CAS*CO*45*6.52SVC*HC:80053*22.81*16.29**1DTM*472*20241207CLP*MMC2024000731*1*15.65*11.18*0*12*CLAIMREF001*11CAS*CO*45*4.47SVC*HC:85025*15.65*11.18**1DTM*472*20241217CLP*MMC2024000193*1*203.17*145.12*0*12*CLAIMREF001*11CAS*CO*45*58.05SVC*HC:99213*203.17*145.12**1DTM*472*20241218CLP*MMC2024000764*1*16.66*11.90*0*12*CLAIMREF001*11CAS*CO*45*4.76SVC*HC:85025*16.66*11.90**1DTM*472*20241214CLP*MMC2024000041*1*591.11*422.22*0*12*CLAIMREF001*11CAS*CO*45*168.89SVC*HC:93306*591.11*422.22**1DTM*472*20241221CLP*MMC2024000701*1*21.25*15.18*0*12*CLAIMREF001*11CAS*CO*45*6.07SVC*HC:80053*21.25*15.18**1DTM*472*20241214CLP*MMC2024000275*1*200.72*143.37*0*12*CLAIMREF001*11CAS*CO*45*57.35SVC*HC:99213*200.72*143.37**1DTM*472*20241208CLP*MMC2024000053*1*543.21*388.01*0*12*CLAIMREF001*11CAS*CO*45*155.20SVC*HC:93306*543.21*388.01**1DTM*472*20241224CLP*MMC2024000196*1*193.90*138.50*0*12*CLAIMREF001*11CAS*CO*45*55.40SVC*HC:99213*193.90*138.50**1DTM*472*20241202CLP*MMC2024000549*1*473.20*338.00*0*12*CLAIMREF001*11CAS*CO*45*135.20SVC*HC:99205*473.20*338.00**1DTM*472*20241214CLP*MMC2024000095*1*415.00*296.43*0*12*CLAIMREF001*11CAS*CO*45*118.57SVC*HC:20610*415.00*296.43**1DTM*472*20241225CLP*MMC2024000380*1*273.06*195.04*0*12*CLAIMREF001*11CAS*CO*45*78.02SVC*HC:99214*273.06*195.04**1DTM*472*20241220CLP*MMC2024000461*1*334.96*239.26*0*12*CLAIMREF001*11CAS*CO*45*95.70SVC*HC:99204*334.96*239.26**1DTM*472*20241203CLP*MMC2024000955*1*17.47*12.48*0*12*CLAIMREF001*11CAS*CO*45*4.99SVC*HC:36415*17.47*12.48**1DTM*472*20241228CLP*MMC2024000856*1*31.68*22.63*0*12*CLAIMREF001*11CAS*CO*45*9.05SVC*HC:93000*31.68*22.63**1DTM*472*20241222CLP*MMC2024000209*1*203.69*145.49*0*12*CLAIMREF001*11CAS*CO*45*58.20SVC*HC:99213*203.69*145.49**1DTM*472*20241226CLP*MMC2024000262*1*204.11*145.79*0*12*CLAIMREF001*11CAS*CO*45*58.32SVC*HC:99213*204.11*145.79**1DTM*472*20241208CLP*MMC2024000933*1*18.12*12.94*0*12*CLAIMREF001*11CAS*CO*45*5.18SVC*HC:36415*18.12*12.94**1DTM*472*20241227CLP*MMC2024000398*1*285.38*203.84*0*12*CLAIMREF001*11CAS*CO*45*81.54SVC*HC:99214*285.38*203.84**1DTM*472*20241211CLP*MMC2024000863*1*31.00*22.14*0*12*CLAIMREF001*11CAS*CO*45*8.86SVC*HC:93000*31.00*22.14**1DTM*472*20241222CLP*MMC2024000543*1*456.26*325.90*0*12*CLAIMREF001*11CAS*CO*45*130.36SVC*HC:99205*456.26*325.90**1DTM*472*20241211CLP*MMC2024000937*1*18.97*13.55*0*12*CLAIMREF001*11CAS*CO*45*5.42SVC*HC:36415*18.97*13.55**1DTM*472*20241202CLP*MMC2024000620*1*23.03*16.45*0*12*CLAIMREF001*11CAS*CO*45*6.58SVC*HC:80053*23.03*16.45**1DTM*472*20241218CLP*MMC2024000423*1*291.75*208.39*0*12*CLAIMREF001*11CAS*CO*45*83.36SVC*HC:99214*291.75*208.39**1DTM*472*20241203CLP*MMC2024000942*1*18.02*12.87*0*12*CLAIMREF001*11CAS*CO*45*5.15SVC*HC:36415*18.02*12.87**1DTM*472*20241206CLP*MMC2024000956*1*19.05*13.61*0*12*CLAIMREF001*11CAS*CO*45*5.44SVC*HC:36415*19.05*13.61**1DTM*472*20241220CLP*MMC2024001072*1*133.43*95.31*0*12*CLAIMREF001*11CAS*CO*45*38.12SVC*HC:99232*133.43*95.31**1DTM*472*20241209CLP*MMC2024000148*1*195.89*139.92*0*12*CLAIMREF001*11CAS*CO*45*55.97SVC*HC:99213*195.89*139.92**1DTM*472*20241202CLP*MMC2024000617*1*22.48*16.06*0*12*CLAIMREF001*11CAS*CO*45*6.42SVC*HC:80053*22.48*16.06**1DTM*472*20241212CLP*MMC2024000991*1*19.03*13.59*0*12*CLAIMREF001*11CAS*CO*45*5.44SVC*HC:36415*19.03*13.59**1DTM*472*20241228CLP*MMC2024000666*1*22.71*16.22*0*12*CLAIMREF001*11CAS*CO*45*6.49SVC*HC:80053*22.71*16.22**1DTM*472*20241217CLP*MMC2024000485*1*356.23*254.45*0*12*CLAIMREF001*11CAS*CO*45*101.78SVC*HC:99204*356.23*254.45**1DTM*472*20241215CLP*MMC2024000842*1*16.06*11.47*0*12*CLAIMREF001*11CAS*CO*45*4.59SVC*HC:85025*16.06*11.47**1DTM*472*20241225CLP*MMC2024000189*1*199.99*142.85*0*12*CLAIMREF001*11CAS*CO*45*57.14SVC*HC:99213*199.99*142.85**1DTM*472*20241218CLP*MMC2024001018*1*149.17*106.55*0*12*CLAIMREF001*11CAS*CO*45*42.62SVC*HC:99283*149.17*106.55**1DTM*472*20241208CLP*MMC2024000634*1*22.68*16.20*0*12*CLAIMREF001*11CAS*CO*45*6.48SVC*HC:80053*22.68*16.20**1DTM*472*20241214CLP*MMC2024000153*1*187.85*134.18*0*12*CLAIMREF001*11CAS*CO*45*53.67SVC*HC:99213*187.85*134.18**1DTM*472*20241219CLP*MMC2024000881*1*30.53*21.81*0*12*CLAIMREF001*11CAS*CO*45*8.72SVC*HC:93000*30.53*21.81**1DTM*472*20241217CLP*MMC2024000427*1*282.51*201.79*0*12*CLAIMREF001*11CAS*CO*45*80.72SVC*HC:99214*282.51*201.79**1DTM*472*20241225CLP*MMC2024000644*1*21.67*15.48*0*12*CLAIMREF001*11CAS*CO*45*6.19SVC*HC:80053*21.67*15.48**1DTM*472*20241204CLP*MMC2024000538*1*460.40*328.86*0*12*CLAIMREF001*11CAS*CO*45*131.54SVC*HC:99205*460.40*328.86**1DTM*472*20241209CLP*MMC2024001036*1*136.25*97.32*0*12*CLAIMREF001*11CAS*CO*45*38.93SVC*HC:99283*136.25*97.32**1DTM*472*20241221CLP*MMC2024000718*1*21.57*15.41*0*12*CLAIMREF001*11CAS*CO*45*6.16SVC*HC:80053*21.57*15.41**1DTM*472*20241214CLP*MMC2024000049*1*584.74*417.67*0*12*CLAIMREF001*11CAS*CO*45*167.07SVC*HC:93306*584.74*417.67**1DTM*472*20241211CLP*MMC2024000880*1*33.35*23.82*0*12*CLAIMREF001*11CAS*CO*45*9.53SVC*HC:93000*33.35*23.82**1DTM*472*20241214CLP*MMC2024000570*1*484.33*345.95*0*12*CLAIMREF001*11CAS*CO*45*138.38SVC*HC:99205*484.33*345.95**1DTM*472*20241210CLP*MMC2024000835*1*15.71*11.22*0*12*CLAIMREF001*11CAS*CO*45*4.49SVC*HC:85025*15.71*11.22**1DTM*472*20241223CLP*MMC2024000964*1*18.94*13.53*0*12*CLAIMREF001*11CAS*CO*45*5.41SVC*HC:36415*18.94*13.53**1DTM*472*20241222CLP*MMC2024000606*1*23.20*16.57*0*12*CLAIMREF001*11CAS*CO*45*6.63SVC*HC:80053*23.20*16.57**1DTM*472*20241205CLP*MMC2024000571*1*468.23*334.45*0*12*CLAIMREF001*11CAS*CO*45*133.78SVC*HC:99205*468.23*334.45**1DTM*472*20241214CLP*MMC2024000063*1*410.23*293.02*0*12*CLAIMREF001*11CAS*CO*45*117.21SVC*HC:75571*410.23*293.02**1DTM*472*20241220CLP*MMC2024000282*1*197.13*140.81*0*12*CLAIMREF001*11CAS*CO*45*56.32SVC*HC:99213*197.13*140.81**1DTM*472*20241225CLP*MMC2024000308*1*273.57*195.41*0*12*CLAIMREF001*11CAS*CO*45*78.16SVC*HC:99214*273.57*195.41**1DTM*472*20241213CLP*MMC2024000923*1*18.00*12.86*0*12*CLAIMREF001*11CAS*CO*45*5.14SVC*HC:36415*18.00*12.86**1DTM*472*20241221CLP*MMC2024000787*1*16.31*11.65*0*12*CLAIMREF001*11CAS*CO*45*4.66SVC*HC:85025*16.31*11.65**1DTM*472*20241225CLP*MMC2024000534*1*443.32*316.66*0*12*CLAIMREF001*11CAS*CO*45*126.66SVC*HC:99205*443.32*316.66**1DTM*472*20241215CLP*MMC2024000147*1*194.82*139.16*0*12*CLAIMREF001*11CAS*CO*45*55.66SVC*HC:99213*194.82*139.16**1DTM*472*20241228CLP*MMC2024000975*1*17.85*12.75*0*12*CLAIMREF001*11CAS*CO*45*5.10SVC*HC:36415*17.85*12.75**1DTM*472*20241204CLP*MMC2024000243*1*195.41*139.58*0*12*CLAIMREF001*11CAS*CO*45*55.83SVC*HC:99213*195.41*139.58**1DTM*472*20241222CLP*MMC2024000910*1*19.18*13.70*0*12*CLAIMREF001*11CAS*CO*45*5.48SVC*HC:36415*19.18*13.70**1DTM*472*20241203CLP*MMC2024001003*1*19.22*13.73*0*12*CLAIMREF001*11CAS*CO*45*5.49SVC*HC:36415*19.22*13.73**1DTM*472*20241224CLP*MMC2024000592*1*480.44*343.17*0*12*CLAIMREF001*11CAS*CO*45*137.27SVC*HC:99205*480.44*343.17**1DTM*472*20241221CLP*MMC2024000327*1*274.67*196.19*0*12*CLAIMREF001*11CAS*CO*45*78.48SVC*HC:99214*274.67*196.19**1DTM*472*20241213CLP*MMC2024000590*1*469.15*335.11*0*12*CLAIMREF001*11CAS*CO*45*134.04SVC*HC:99205*469.15*335.11**1DTM*472*20241227CLP*MMC2024001070*1*135.53*96.81*0*12*CLAIMREF001*11CAS*CO*45*38.72SVC*HC:99232*135.53*96.81**1DTM*472*20241201CLP*MMC2024000877*1*30.84*22.03*0*12*CLAIMREF001*11CAS*CO*45*8.81SVC*HC:93000*30.84*22.03**1DTM*472*20241214CLP*MMC2024000516*1*343.18*245.13*0*12*CLAIMREF001*11CAS*CO*45*98.05SVC*HC:99204*343.18*245.13**1DTM*472*20241205CLP*MMC2024000827*1*15.64*11.17*0*12*CLAIMREF001*11CAS*CO*45*4.47SVC*HC:85025*15.64*11.17**1DTM*472*20241222CLP*MMC2024000058*1*415.41*296.72*0*12*CLAIMREF001*11CAS*CO*45*118.69SVC*HC:75571*415.41*296.72**1DTM*472*20241203CLP*MMC2024000223*1*195.45*139.61*0*12*CLAIMREF001*11CAS*CO*45*55.84SVC*HC:99213*195.45*139.61**1DTM*472*20241222CLP*MMC2024000747*1*16.00*11.43*0*12*CLAIMREF001*11CAS*CO*45*4.57SVC*HC:85025*16.00*11.43**1DTM*472*20241208CLP*MMC2024000240*1*203.49*145.35*0*12*CLAIMREF001*11CAS*CO*45*58.14SVC*HC:99213*203.49*145.35**1DTM*472*20241220CLP*MMC2024000450*1*269.22*192.30*0*12*CLAIMREF001*11CAS*CO*45*76.92SVC*HC:99214*269.22*192.30**1DTM*472*20241202CLP*MMC2024000412*1*283.05*202.18*0*12*CLAIMREF001*11CAS*CO*45*80.87SVC*HC:99214*283.05*202.18**1DTM*472*20241225CLP*MMC2024000046*1*580.72*414.80*0*12*CLAIMREF001*11CAS*CO*45*165.92SVC*HC:93306*580.72*414.80**1DTM*472*20241213CLP*MMC2024000251*1*185.51*132.51*0*12*CLAIMREF001*11CAS*CO*45*53.00SVC*HC:99213*185.51*132.51**1DTM*472*20241210CLP*MMC2024000050*1*547.33*390.95*0*12*CLAIMREF001*11CAS*CO*45*156.38SVC*HC:93306*547.33*390.95**1DTM*472*20241216CLP*MMC2024001061*1*145.38*103.84*0*12*CLAIMREF001*11CAS*CO*45*41.54SVC*HC:99232*145.38*103.84**1DTM*472*20241215CLP*MMC2024000781*1*16.83*12.02*0*12*CLAIMREF001*11CAS*CO*45*4.81SVC*HC:85025*16.83*12.02**1DTM*472*20241208CLP*MMC2024001054*1*135.59*96.85*0*12*CLAIMREF001*11CAS*CO*45*38.74SVC*HC:99232*135.59*96.85**1DTM*472*20241213CLP*MMC2024000609*1*22.57*16.12*0*12*CLAIMREF001*11CAS*CO*45*6.45SVC*HC:80053*22.57*16.12**1DTM*472*20241213CLP*MMC2024000104*1*185.65*132.61*0*12*CLAIMREF001*11CAS*CO*45*53.04SVC*HC:99213*185.65*132.61**1DTM*472*20241223CLP*MMC2024000069*1*425.42*303.87*0*12*CLAIMREF001*11CAS*CO*45*121.55SVC*HC:75571*425.42*303.87**1DTM*472*20241225CLP*MMC2024000212*1*188.62*134.73*0*12*CLAIMREF001*11CAS*CO*45*53.89SVC*HC:99213*188.62*134.73**1DTM*472*20241223CLP*MMC2024000247*1*198.49*141.78*0*12*CLAIMREF001*11CAS*CO*45*56.71SVC*HC:99213*198.49*141.78**1DTM*472*20241213CLP*MMC2024000017*1*2967.17*2119.41*0*12*CLAIMREF001*11CAS*CO*45*847.76SVC*HC:29881*2967.17*2119.41**1DTM*472*20241211CLP*MMC2024000898*1*31.33*22.38*0*12*CLAIMREF001*11CAS*CO*45*8.95SVC*HC:93000*31.33*22.38**1DTM*472*20241202CLP*MMC2024000430*1*289.25*206.61*0*12*CLAIMREF001*11CAS*CO*45*82.64SVC*HC:99214*289.25*206.61**1DTM*472*20241214CLP*MMC2024000712*1*21.29*15.21*0*12*CLAIMREF001*11CAS*CO*45*6.08SVC*HC:80053*21.29*15.21**1DTM*472*20241217CLP*MMC2024000883*1*33.54*23.96*0*12*CLAIMREF001*11CAS*CO*45*9.58SVC*HC:93000*33.54*23.96**1DTM*472*20241212CLP*MMC2024000194*1*186.21*133.01*0*12*CLAIMREF001*11CAS*CO*45*53.20SVC*HC:99213*186.21*133.01**1DTM*472*20241212CLP*MMC2024001077*1*139.24*99.46*0*12*CLAIMREF001*11CAS*CO*45*39.78SVC*HC:99232*139.24*99.46**1DTM*472*20241203CLP*MMC2024000159*1*198.59*141.85*0*12*CLAIMREF001*11CAS*CO*45*56.74SVC*HC:99213*198.59*141.85**1DTM*472*20241211CLP*MMC2024000954*1*18.20*13.00*0*12*CLAIMREF001*11CAS*CO*45*5.20SVC*HC:36415*18.20*13.00**1DTM*472*20241215CLP*MMC2024000472*1*343.25*245.18*0*12*CLAIMREF001*11CAS*CO*45*98.07SVC*HC:99204*343.25*245.18**1DTM*472*20241203CLP*MMC2024000771*1*15.90*11.36*0*12*CLAIMREF001*11CAS*CO*45*4.54SVC*HC:85025*15.90*11.36**1DTM*472*20241219CLP*MMC2024000236*1*196.03*140.02*0*12*CLAIMREF001*11CAS*CO*45*56.01SVC*HC:99213*196.03*140.02**1DTM*472*20241224CLP*MMC2024000967*1*18.82*13.44*0*12*CLAIMREF001*11CAS*CO*45*5.38SVC*HC:36415*18.82*13.44**1DTM*472*20241212CLP*MMC2024000545*1*461.24*329.46*0*12*CLAIMREF001*11CAS*CO*45*131.78SVC*HC:99205*461.24*329.46**1DTM*472*20241218CLP*MMC2024000435*1*272.64*194.74*0*12*CLAIMREF001*11CAS*CO*45*77.90SVC*HC:99214*272.64*194.74**1DTM*472*20241203CLP*MMC2024000558*1*464.86*332.04*0*12*CLAIMREF001*11CAS*CO*45*132.82SVC*HC:99205*464.86*332.04**1DTM*472*20241226CLP*MMC2024000475*1*329.97*235.69*0*12*CLAIMREF001*11CAS*CO*45*94.28SVC*HC:99204*329.97*235.69**1DTM*472*20241206CLP*MMC2024000874*1*33.10*23.64*0*12*CLAIMREF001*11CAS*CO*45*9.46SVC*HC:93000*33.10*23.64**1DTM*472*20241210CLP*MMC2024000024*1*1825.28*1303.77*0*12*CLAIMREF001*11CAS*CO*45*521.51SVC*HC:73721*1825.28*1303.77**1DTM*472*20241210CLP*MMC2024000724*1*15.55*11.11*0*12*CLAIMREF001*11CAS*CO*45*4.44SVC*HC:85025*15.55*11.11**1DTM*472*20241209CLP*MMC2024000229*1*194.00*138.57*0*12*CLAIMREF001*11CAS*CO*45*55.43SVC*HC:99213*194.00*138.57**1DTM*472*20241224CLP*MMC2024000131*1*203.60*145.43*0*12*CLAIMREF001*11CAS*CO*45*58.17SVC*HC:99213*203.60*145.43**1DTM*472*20241228CLP*MMC2024000542*1*469.85*335.61*0*12*CLAIMREF001*11CAS*CO*45*134.24SVC*HC:99205*469.85*335.61**1DTM*472*20241218CLP*MMC2024000403*1*285.47*203.91*0*12*CLAIMREF001*11CAS*CO*45*81.56SVC*HC:99214*285.47*203.91**1DTM*472*20241225CLP*MMC2024000774*1*16.72*11.94*0*12*CLAIMREF001*11CAS*CO*45*4.78SVC*HC:85025*16.72*11.94**1DTM*472*20241208CLP*MMC2024000183*1*195.05*139.32*0*12*CLAIMREF001*11CAS*CO*45*55.73SVC*HC:99213*195.05*139.32**1DTM*472*20241228CLP*MMC2024000803*1*16.45*11.75*0*12*CLAIMREF001*11CAS*CO*45*4.70SVC*HC:85025*16.45*11.75**1DTM*472*20241226CLP*MMC2024000357*1*280.11*200.08*0*12*CLAIMREF001*11CAS*CO*45*80.03SVC*HC:99214*280.11*200.08**1DTM*472*20241222CLP*MMC2024000809*1*16.24*11.60*0*12*CLAIMREF001*11CAS*CO*45*4.64SVC*HC:85025*16.24*11.60**1DTM*472*20241226CLP*MMC2024000785*1*16.58*11.84*0*12*CLAIMREF001*11CAS*CO*45*4.74SVC*HC:85025*16.58*11.84**1DTM*472*20241206CLP*MMC2024000553*1*470.76*336.26*0*12*CLAIMREF001*11CAS*CO*45*134.50SVC*HC:99205*470.76*336.26**1DTM*472*20241201CLP*MMC2024000678*1*22.58*16.13*0*12*CLAIMREF001*11CAS*CO*45*6.45SVC*HC:80053*22.58*16.13**1DTM*472*20241216CLP*MMC2024001076*1*139.36*99.54*0*12*CLAIMREF001*11CAS*CO*45*39.82SVC*HC:99232*139.36*99.54**1DTM*472*20241212CLP*MMC2024000385*1*278.88*199.20*0*12*CLAIMREF001*11CAS*CO*45*79.68SVC*HC:99214*278.88*199.20**1DTM*472*20241225CLP*MMC2024000387*1*283.28*202.34*0*12*CLAIMREF001*11CAS*CO*45*80.94SVC*HC:99214*283.28*202.34**1DTM*472*20241216CLP*MMC2024000460*1*351.60*251.14*0*12*CLAIMREF001*11CAS*CO*45*100.46SVC*HC:99204*351.60*251.14**1DTM*472*20241220CLP*MMC2024000392*1*275.55*196.82*0*12*CLAIMREF001*11CAS*CO*45*78.73SVC*HC:99214*275.55*196.82**1DTM*472*20241218CLP*MMC2024000384*1*271.98*194.27*0*12*CLAIMREF001*11CAS*CO*45*77.71SVC*HC:99214*271.98*194.27**1DTM*472*20241214CLP*MMC2024000431*1*273.77*195.55*0*12*CLAIMREF001*11CAS*CO*45*78.22SVC*HC:99214*273.77*195.55**1DTM*472*20241220CLP*MMC2024000909*1*18.62*13.30*0*12*CLAIMREF001*11CAS*CO*45*5.32SVC*HC:36415*18.62*13.30**1DTM*472*20241217CLP*MMC2024000867*1*32.06*22.90*0*12*CLAIMREF001*11CAS*CO*45*9.16SVC*HC:93000*32.06*22.90**1DTM*472*20241206CLP*MMC2024000139*1*199.11*142.22*0*12*CLAIMREF001*11CAS*CO*45*56.89SVC*HC:99213*199.11*142.22**1DTM*472*20241224CLP*MMC2024000185*1*193.79*138.42*0*12*CLAIMREF001*11CAS*CO*45*55.37SVC*HC:99213*193.79*138.42**1DTM*472*20241209CLP*MMC2024000419*1*267.06*190.76*0*12*CLAIMREF001*11CAS*CO*45*76.30SVC*HC:99214*267.06*190.76**1DTM*472*20241216CLP*MMC2024000294*1*190.09*135.78*0*12*CLAIMREF001*11CAS*CO*45*54.31SVC*HC:99213*190.09*135.78**1DTM*472*20241211CLP*MMC2024000033*1*1931.40*1379.57*0*12*CLAIMREF001*11CAS*CO*45*551.83SVC*HC:73721*1931.40*1379.57**1DTM*472*20241212CLP*MMC2024000920*1*18.80*13.43*0*12*CLAIMREF001*11CAS*CO*45*5.37SVC*HC:36415*18.80*13.43**1DTM*472*20241224CLP*MMC2024000071*1*7291.35*5208.11*0*12*CLAIMREF001*11CAS*CO*45*2083.24SVC*HC:22551*7291.35*5208.11**1DTM*472*20241206CLP*MMC2024000062*1*411.78*294.13*0*12*CLAIMREF001*11CAS*CO*45*117.65SVC*HC:75571*411.78*294.13**1DTM*472*20241203CLP*MMC2024000555*1*441.31*315.22*0*12*CLAIMREF001*11CAS*CO*45*126.09SVC*HC:99205*441.31*315.22**1DTM*472*20241212CLP*MMC2024000066*1*429.98*307.13*0*12*CLAIMREF001*11CAS*CO*45*122.85SVC*HC:75571*429.98*307.13**1DTM*472*20241201CLP*MMC2024000353*1*286.80*204.86*0*12*CLAIMREF001*11CAS*CO*45*81.94SVC*HC:99214*286.80*204.86**1DTM*472*20241228CLP*MMC2024000434*1*271.04*193.60*0*12*CLAIMREF001*11CAS*CO*45*77.44SVC*HC:99214*271.04*193.60**1DTM*472*20241207CLP*MMC2024000047*1*550.44*393.17*0*12*CLAIMREF001*11CAS*CO*45*157.27SVC*HC:93306*550.44*393.17**1DTM*472*20241207CLP*MMC2024000075*1*641.63*458.31*0*12*CLAIMREF001*11CAS*CO*45*183.32SVC*HC:93350*641.63*458.31**1DTM*472*20241204CLP*MMC2024000593*1*440.54*314.67*0*12*CLAIMREF001*11CAS*CO*45*125.87SVC*HC:99205*440.54*314.67**1DTM*472*20241226CLP*MMC2024000818*1*16.17*11.55*0*12*CLAIMREF001*11CAS*CO*45*4.62SVC*HC:85025*16.17*11.55**1DTM*472*20241211CLP*MMC2024000004*1*5402.80*3859.14*0*12*CLAIMREF001*11CAS*CO*45*1543.66SVC*HC:27447*5402.80*3859.14**1DTM*472*20241224CLP*MMC2024000261*1*192.05*137.18*0*12*CLAIMREF001*11CAS*CO*45*54.87SVC*HC:99213*192.05*137.18**1DTM*472*20241227CLP*MMC2024000406*1*270.66*193.33*0*12*CLAIMREF001*11CAS*CO*45*77.33SVC*HC:99214*270.66*193.33**1DTM*472*20241208CLP*MMC2024000023*1*1995.70*1425.50*0*12*CLAIMREF001*11CAS*CO*45*570.20SVC*HC:73721*1995.70*1425.50**1DTM*472*20241213CLP*MMC2024000316*1*284.20*203.00*0*12*CLAIMREF001*11CAS*CO*45*81.20SVC*HC:99214*284.20*203.00**1DTM*472*20241213CLP*MMC2024001060*1*142.14*101.53*0*12*CLAIMREF001*11CAS*CO*45*40.61SVC*HC:99232*142.14*101.53**1DTM*472*20241216CLP*MMC2024000474*1*337.82*241.30*0*12*CLAIMREF001*11CAS*CO*45*96.52SVC*HC:99204*337.82*241.30**1DTM*472*20241222CLP*MMC2024000573*1*477.75*341.25*0*12*CLAIMREF001*11CAS*CO*45*136.50SVC*HC:99205*477.75*341.25**1DTM*472*20241207CLP*MMC2024000060*1*398.82*284.87*0*12*CLAIMREF001*11CAS*CO*45*113.95SVC*HC:75571*398.82*284.87**1DTM*472*20241221CLP*MMC2024000761*1*16.25*11.61*0*12*CLAIMREF001*11CAS*CO*45*4.64SVC*HC:85025*16.25*11.61**1DTM*472*20241203CLP*MMC2024000468*1*332.39*237.42*0*12*CLAIMREF001*11CAS*CO*45*94.97SVC*HC:99204*332.39*237.42**1DTM*472*20241217CLP*MMC2024000778*1*15.82*11.30*0*12*CLAIMREF001*11CAS*CO*45*4.52SVC*HC:85025*15.82*11.30**1DTM*472*20241225CLP*MMC2024000526*1*357.74*255.53*0*12*CLAIMREF001*11CAS*CO*45*102.21SVC*HC:99204*357.74*255.53**1DTM*472*20241213CLP*MMC2024000136*1*204.75*146.25*0*12*CLAIMREF001*11CAS*CO*45*58.50SVC*HC:99213*204.75*146.25**1DTM*472*20241209CLP*MMC2024000465*1*360.71*257.65*0*12*CLAIMREF001*11CAS*CO*45*103.06SVC*HC:99204*360.71*257.65**1DTM*472*20241222CLP*MMC2024000057*1*555.76*396.97*0*12*CLAIMREF001*11CAS*CO*45*158.79SVC*HC:93306*555.76*396.97**1DTM*472*20241205CLP*MMC2024000457*1*343.56*245.40*0*12*CLAIMREF001*11CAS*CO*45*98.16SVC*HC:99204*343.56*245.40**1DTM*472*20241216CLP*MMC2024000523*1*334.39*238.85*0*12*CLAIMREF001*11CAS*CO*45*95.54SVC*HC:99204*334.39*238.85**1DTM*472*20241225CLP*MMC2024000094*1*402.18*287.27*0*12*CLAIMREF001*11CAS*CO*45*114.91SVC*HC:20610*402.18*287.27**1DTM*472*20241207CLP*MMC2024000982*1*18.66*13.33*0*12*CLAIMREF001*11CAS*CO*45*5.33SVC*HC:36415*18.66*13.33**1DTM*472*20241216CLP*MMC2024000598*1*446.82*319.16*0*12*CLAIMREF001*11CAS*CO*45*127.66SVC*HC:99205*446.82*319.16**1DTM*472*20241205CLP*MMC2024000921*1*18.77*13.41*0*12*CLAIMREF001*11CAS*CO*45*5.36SVC*HC:36415*18.77*13.41**1DTM*472*20241205CLP*MMC2024000211*1*201.35*143.82*0*12*CLAIMREF001*11CAS*CO*45*57.53SVC*HC:99213*201.35*143.82**1DTM*472*20241209CLP*MMC2024000770*1*16.21*11.58*0*12*CLAIMREF001*11CAS*CO*45*4.63SVC*HC:85025*16.21*11.58**1DTM*472*20241204CLP*MMC2024000120*1*186.69*133.35*0*12*CLAIMREF001*11CAS*CO*45*53.34SVC*HC:99213*186.69*133.35**1DTM*472*20241224CLP*MMC2024000952*1*18.21*13.01*0*12*CLAIMREF001*11CAS*CO*45*5.20SVC*HC:36415*18.21*13.01**1DTM*472*20241223CLP*MMC2024000533*1*356.40*254.57*0*12*CLAIMREF001*11CAS*CO*45*101.83SVC*HC:99204*356.40*254.57**1DTM*472*20241215CLP*MMC2024000833*1*16.41*11.72*0*12*CLAIMREF001*11CAS*CO*45*4.69SVC*HC:85025*16.41*11.72**1DTM*472*20241221CLP*MMC2024000169*1*202.68*144.77*0*12*CLAIMREF001*11CAS*CO*45*57.91SVC*HC:99213*202.68*144.77**1DTM*472*20241212CLP*MMC2024000154*1*190.32*135.94*0*12*CLAIMREF001*11CAS*CO*45*54.38SVC*HC:99213*190.32*135.94**1DTM*472*20241220CLP*MMC2024000550*1*483.90*345.64*0*12*CLAIMREF001*11CAS*CO*45*138.26SVC*HC:99205*483.90*345.64**1DTM*472*20241225CLP*MMC2024000812*1*16.32*11.66*0*12*CLAIMREF001*11CAS*CO*45*4.66SVC*HC:85025*16.32*11.66**1DTM*472*20241206CLP*MMC2024000208*1*203.56*145.40*0*12*CLAIMREF001*11CAS*CO*45*58.16SVC*HC:99213*203.56*145.40**1DTM*472*20241226CLP*MMC2024000518*1*338.23*241.59*0*12*CLAIMREF001*11CAS*CO*45*96.64SVC*HC:99204*338.23*241.59**1DTM*472*20241218CLP*MMC2024000561*1*456.39*325.99*0*12*CLAIMREF001*11CAS*CO*45*130.40SVC*HC:99205*456.39*325.99**1DTM*472*20241222CLP*MMC2024001062*1*138.49*98.92*0*12*CLAIMREF001*11CAS*CO*45*39.57SVC*HC:99232*138.49*98.92**1DTM*472*20241210CLP*MMC2024000115*1*187.40*133.86*0*12*CLAIMREF001*11CAS*CO*45*53.54SVC*HC:99213*187.40*133.86**1DTM*472*20241214CLP*MMC2024000578*1*452.35*323.11*0*12*CLAIMREF001*11CAS*CO*45*129.24SVC*HC:99205*452.35*323.11**1DTM*472*20241227CLP*MMC2024001074*1*137.16*97.97*0*12*CLAIMREF001*11CAS*CO*45*39.19SVC*HC:99232*137.16*97.97**1DTM*472*20241202CLP*MMC2024000371*1*289.02*206.44*0*12*CLAIMREF001*11CAS*CO*45*82.58SVC*HC:99214*289.02*206.44**1DTM*472*20241227CLP*MMC2024000796*1*16.07*11.48*0*12*CLAIMREF001*11CAS*CO*45*4.59SVC*HC:85025*16.07*11.48**1DTM*472*20241203CLP*MMC2024000541*1*478.06*341.47*0*12*CLAIMREF001*11CAS*CO*45*136.59SVC*HC:99205*478.06*341.47**1DTM*472*20241228CLP*MMC2024000819*1*16.60*11.86*0*12*CLAIMREF001*11CAS*CO*45*4.74SVC*HC:85025*16.60*11.86**1DTM*472*20241202CLP*MMC2024001019*1*140.76*100.54*0*12*CLAIMREF001*11CAS*CO*45*40.22SVC*HC:99283*140.76*100.54**1DTM*472*20241217CLP*MMC2024000084*1*1943.21*1388.01*0*12*CLAIMREF001*11CAS*CO*45*555.20SVC*HC:75574*1943.21*1388.01**1DTM*472*20241227CLP*MMC2024000611*1*22.30*15.93*0*12*CLAIMREF001*11CAS*CO*45*6.37SVC*HC:80053*22.30*15.93**1DTM*472*20241203CLP*MMC2024000697*1*21.76*15.54*0*12*CLAIMREF001*11CAS*CO*45*6.22SVC*HC:80053*21.76*15.54**1DTM*472*20241209CLP*MMC2024000254*1*191.80*137.00*0*12*CLAIMREF001*11CAS*CO*45*54.80SVC*HC:99213*191.80*137.00**1DTM*472*20241215CLP*MMC2024000224*1*204.67*146.19*0*12*CLAIMREF001*11CAS*CO*45*58.48SVC*HC:99213*204.67*146.19**1DTM*472*20241218CLP*MMC2024000681*1*21.78*15.56*0*12*CLAIMREF001*11CAS*CO*45*6.22SVC*HC:80053*21.78*15.56**1DTM*472*20241205CLP*MMC2024000551*1*467.98*334.27*0*12*CLAIMREF001*11CAS*CO*45*133.71SVC*HC:99205*467.98*334.27**1DTM*472*20241228CLP*MMC2024000483*1*356.08*254.34*0*12*CLAIMREF001*11CAS*CO*45*101.74SVC*HC:99204*356.08*254.34**1DTM*472*20241227CLP*MMC2024000563*1*445.33*318.09*0*12*CLAIMREF001*11CAS*CO*45*127.24SVC*HC:99205*445.33*318.09**1DTM*472*20241215CLP*MMC2024000719*1*22.95*16.39*0*12*CLAIMREF001*11CAS*CO*45*6.56SVC*HC:80053*22.95*16.39**1DTM*472*20241225CLP*MMC2024000426*1*282.17*201.55*0*12*CLAIMREF001*11CAS*CO*45*80.62SVC*HC:99214*282.17*201.55**1DTM*472*20241226CLP*MMC2024000383*1*291.72*208.37*0*12*CLAIMREF001*11CAS*CO*45*83.35SVC*HC:99214*291.72*208.37**1DTM*472*20241203CLP*MMC2024000621*1*21.80*15.57*0*12*CLAIMREF001*11CAS*CO*45*6.23SVC*HC:80053*21.80*15.57**1DTM*472*20241220CLP*MMC2024000949*1*18.40*13.14*0*12*CLAIMREF001*11CAS*CO*45*5.26SVC*HC:36415*18.40*13.14**1DTM*472*20241211CLP*MMC2024000868*1*32.98*23.56*0*12*CLAIMREF001*11CAS*CO*45*9.42SVC*HC:93000*32.98*23.56**1DTM*472*20241226CLP*MMC2024000157*1*196.55*140.39*0*12*CLAIMREF001*11CAS*CO*45*56.16SVC*HC:99213*196.55*140.39**1DTM*472*20241211CLP*MMC2024001020*1*148.61*106.15*0*12*CLAIMREF001*11CAS*CO*45*42.46SVC*HC:99283*148.61*106.15**1DTM*472*20241228CLP*MMC2024000137*1*203.60*145.43*0*12*CLAIMREF001*11CAS*CO*45*58.17SVC*HC:99213*203.60*145.43**1DTM*472*20241226CLP*MMC2024001051*1*134.93*96.38*0*12*CLAIMREF001*11CAS*CO*45*38.55SVC*HC:99232*134.93*96.38**1DTM*472*20241204CLP*MMC2024000227*1*189.00*135.00*0*12*CLAIMREF001*11CAS*CO*45*54.00SVC*HC:99213*189.00*135.00**1DTM*472*20241209CLP*MMC2024000630*1*21.92*15.66*0*12*CLAIMREF001*11CAS*CO*45*6.26SVC*HC:80053*21.92*15.66**1DTM*472*20241212CLP*MMC2024000377*1*289.00*206.43*0*12*CLAIMREF001*11CAS*CO*45*82.57SVC*HC:99214*289.00*206.43**1DTM*472*20241206CLP*MMC2024000844*1*33.57*23.98*0*12*CLAIMREF001*11CAS*CO*45*9.59SVC*HC:93000*33.57*23.98**1DTM*472*20241205CLP*MMC2024000837*1*17.12*12.23*0*12*CLAIMREF001*11CAS*CO*45*4.89SVC*HC:85025*17.12*12.23**1DTM*472*20241217CLP*MMC2024000121*1*192.14*137.24*0*12*CLAIMREF001*11CAS*CO*45*54.90SVC*HC:99213*192.14*137.24**1DTM*472*20241228CLP*MMC2024001079*1*142.17*101.55*0*12*CLAIMREF001*11CAS*CO*45*40.62SVC*HC:99232*142.17*101.55**1DTM*472*20241209CLP*MMC2024000319*1*292.63*209.02*0*12*CLAIMREF001*11CAS*CO*45*83.61SVC*HC:99214*292.63*209.02**1DTM*472*20241218CLP*MMC2024000789*1*16.24*11.60*0*12*CLAIMREF001*11CAS*CO*45*4.64SVC*HC:85025*16.24*11.60**1DTM*472*20241219CLP*MMC2024000721*1*22.57*16.12*0*12*CLAIMREF001*11CAS*CO*45*6.45SVC*HC:80053*22.57*16.12**1DTM*472*20241218CLP*MMC2024000515*1*346.29*247.35*0*12*CLAIMREF001*11CAS*CO*45*98.94SVC*HC:99204*346.29*247.35**1DTM*472*20241222CLP*MMC2024000703*1*21.90*15.64*0*12*CLAIMREF001*11CAS*CO*45*6.26SVC*HC:80053*21.90*15.64**1DTM*472*20241205CLP*MMC2024000836*1*16.86*12.04*0*12*CLAIMREF001*11CAS*CO*45*4.82SVC*HC:85025*16.86*12.04**1DTM*472*20241224CLP*MMC2024000164*1*185.70*132.64*0*12*CLAIMREF001*11CAS*CO*45*53.06SVC*HC:99213*185.70*132.64**1DTM*472*20241220CLP*MMC2024000315*1*276.09*197.21*0*12*CLAIMREF001*11CAS*CO*45*78.88SVC*HC:99214*276.09*197.21**1DTM*472*20241222CLP*MMC2024000477*1*343.39*245.28*0*12*CLAIMREF001*11CAS*CO*45*98.11SVC*HC:99204*343.39*245.28**1DTM*472*20241222CLP*MMC2024000122*1*187.64*134.03*0*12*CLAIMREF001*11CAS*CO*45*53.61SVC*HC:99213*187.64*134.03**1DTM*472*20241207CLP*MMC2024000684*1*22.29*15.92*0*12*CLAIMREF001*11CAS*CO*45*6.37SVC*HC:80053*22.29*15.92**1DTM*472*20241211CLP*MMC2024000064*1*435.60*311.14*0*12*CLAIMREF001*11CAS*CO*45*124.46SVC*HC:75571*435.60*311.14**1DTM*472*20241217CLP*MMC2024000820*1*16.79*11.99*0*12*CLAIMREF001*11CAS*CO*45*4.80SVC*HC:85025*16.79*11.99**1DTM*472*20241221CLP*MMC2024001001*1*17.63*12.59*0*12*CLAIMREF001*11CAS*CO*45*5.04SVC*HC:36415*17.63*12.59**1DTM*472*20241203CLP*MMC2024000369*1*277.41*198.15*0*12*CLAIMREF001*11CAS*CO*45*79.26SVC*HC:99214*277.41*198.15**1DTM*472*20241224CLP*MMC2024000670*1*21.31*15.22*0*12*CLAIMREF001*11CAS*CO*45*6.09SVC*HC:80053*21.31*15.22**1DTM*472*20241217CLP*MMC2024000822*1*15.65*11.18*0*12*CLAIMREF001*11CAS*CO*45*4.47SVC*HC:85025*15.65*11.18**1DTM*472*20241222CLP*MMC2024000012*1*2823.03*2016.45*0*12*CLAIMREF001*11CAS*CO*45*806.58SVC*HC:29881*2823.03*2016.45**1DTM*472*20241209CLP*MMC2024000587*1*448.83*320.59*0*12*CLAIMREF001*11CAS*CO*45*128.24SVC*HC:99205*448.83*320.59**1DTM*472*20241207CLP*MMC2024000891*1*31.86*22.76*0*12*CLAIMREF001*11CAS*CO*45*9.10SVC*HC:93000*31.86*22.76**1DTM*472*20241220CLP*MMC2024000597*1*453.81*324.15*0*12*CLAIMREF001*11CAS*CO*45*129.66SVC*HC:99205*453.81*324.15**1DTM*472*20241214CLP*MMC2024000310*1*276.95*197.82*0*12*CLAIMREF001*11CAS*CO*45*79.13SVC*HC:99214*276.95*197.82**1DTM*472*20241224CLP*MMC2024000338*1*269.50*192.50*0*12*CLAIMREF001*11CAS*CO*45*77.00SVC*HC:99214*269.50*192.50**1DTM*472*20241205CLP*MMC2024000274*1*200.55*143.25*0*12*CLAIMREF001*11CAS*CO*45*57.30SVC*HC:99213*200.55*143.25**1DTM*472*20241204CLP*MMC2024000772*1*16.16*11.54*0*12*CLAIMREF001*11CAS*CO*45*4.62SVC*HC:85025*16.16*11.54**1DTM*472*20241203CLP*MMC2024000458*1*341.40*243.86*0*12*CLAIMREF001*11CAS*CO*45*97.54SVC*HC:99204*341.40*243.86**1DTM*472*20241220CLP*MMC2024000242*1*187.95*134.25*0*12*CLAIMREF001*11CAS*CO*45*53.70SVC*HC:99213*187.95*134.25**1DTM*472*20241210CLP*MMC2024000393*1*280.07*200.05*0*12*CLAIMREF001*11CAS*CO*45*80.02SVC*HC:99214*280.07*200.05**1DTM*472*20241214CLP*MMC2024000268*1*194.40*138.86*0*12*CLAIMREF001*11CAS*CO*45*55.54SVC*HC:99213*194.40*138.86**1DTM*472*20241221CLP*MMC2024000007*1*5361.89*3829.92*0*12*CLAIMREF001*11CAS*CO*45*1531.97SVC*HC:27447*5361.89*3829.92**1DTM*472*20241207CLP*MMC2024000255*1*194.15*138.68*0*12*CLAIMREF001*11CAS*CO*45*55.47SVC*HC:99213*194.15*138.68**1DTM*472*20241207CLP*MMC2024000332*1*293.16*209.40*0*12*CLAIMREF001*11CAS*CO*45*83.76SVC*HC:99214*293.16*209.40**1DTM*472*20241212CLP*MMC2024000907*1*18.03*12.88*0*12*CLAIMREF001*11CAS*CO*45*5.15SVC*HC:36415*18.03*12.88**1DTM*472*20241219CLP*MMC2024000144*1*196.83*140.59*0*12*CLAIMREF001*11CAS*CO*45*56.24SVC*HC:99213*196.83*140.59**1DTM*472*20241218CLP*MMC2024000190*1*199.29*142.35*0*12*CLAIMREF001*11CAS*CO*45*56.94SVC*HC:99213*199.29*142.35**1DTM*472*20241218CLP*MMC2024000098*1*417.63*298.31*0*12*CLAIMREF001*11CAS*CO*45*119.32SVC*HC:20610*417.63*298.31**1DTM*472*20241221CLP*MMC2024000931*1*19.01*13.58*0*12*CLAIMREF001*11CAS*CO*45*5.43SVC*HC:36415*19.01*13.58**1DTM*472*20241211CLP*MMC2024000411*1*273.39*195.28*0*12*CLAIMREF001*11CAS*CO*45*78.11SVC*HC:99214*273.39*195.28**1DTM*472*20241205CLP*MMC2024000089*1*380.80*272.00*0*12*CLAIMREF001*11CAS*CO*45*108.80SVC*HC:20610*380.80*272.00**1DTM*472*20241225CLP*MMC2024000336*1*291.76*208.40*0*12*CLAIMREF001*11CAS*CO*45*83.36SVC*HC:99214*291.76*208.40**1DTM*472*20241207CLP*MMC2024000528*1*353.58*252.56*0*12*CLAIMREF001*11CAS*CO*45*101.02SVC*HC:99204*353.58*252.56**1DTM*472*20241221CLP*MMC2024000438*1*265.31*189.51*0*12*CLAIMREF001*11CAS*CO*45*75.80SVC*HC:99214*265.31*189.51**1DTM*472*20241215CLP*MMC2024000416*1*274.75*196.25*0*12*CLAIMREF001*11CAS*CO*45*78.50SVC*HC:99214*274.75*196.25**1DTM*472*20241202CLP*MMC2024000655*1*21.59*15.42*0*12*CLAIMREF001*11CAS*CO*45*6.17SVC*HC:80053*21.59*15.42**1DTM*472*20241225CLP*MMC2024000626*1*21.38*15.27*0*12*CLAIMREF001*11CAS*CO*45*6.11SVC*HC:80053*21.38*15.27**1DTM*472*20241202CLP*MMC2024000888*1*30.49*21.78*0*12*CLAIMREF001*11CAS*CO*45*8.71SVC*HC:93000*30.49*21.78**1DTM*472*20241227CLP*MMC2024000859*1*32.76*23.40*0*12*CLAIMREF001*11CAS*CO*45*9.36SVC*HC:93000*32.76*23.40**1DTM*472*20241215CLP*MMC2024000776*1*15.62*11.16*0*12*CLAIMREF001*11CAS*CO*45*4.46SVC*HC:85025*15.62*11.16**1DTM*472*20241221CLP*MMC2024000691*1*22.29*15.92*0*12*CLAIMREF001*11CAS*CO*45*6.37SVC*HC:80053*22.29*15.92**1DTM*472*20241228CLP*MMC2024000873*1*32.65*23.32*0*12*CLAIMREF001*11CAS*CO*45*9.33SVC*HC:93000*32.65*23.32**1DTM*472*20241217CLP*MMC2024001040*1*141.06*100.76*0*12*CLAIMREF001*11CAS*CO*45*40.30SVC*HC:99232*141.06*100.76**1DTM*472*20241210CLP*MMC2024000810*1*16.97*12.12*0*12*CLAIMREF001*11CAS*CO*45*4.85SVC*HC:85025*16.97*12.12**1DTM*472*20241211CLP*MMC2024000346*1*268.25*191.61*0*12*CLAIMREF001*11CAS*CO*45*76.64SVC*HC:99214*268.25*191.61**1DTM*472*20241201CLP*MMC2024001053*1*133.53*95.38*0*12*CLAIMREF001*11CAS*CO*45*38.15SVC*HC:99232*133.53*95.38**1DTM*472*20241202CLP*MMC2024000015*1*2893.66*2066.90*0*12*CLAIMREF001*11CAS*CO*45*826.76SVC*HC:29881*2893.66*2066.90**1DTM*472*20241211CLP*MMC2024000879*1*32.98*23.56*0*12*CLAIMREF001*11CAS*CO*45*9.42SVC*HC:93000*32.98*23.56**1DTM*472*20241212CLP*MMC2024000736*1*16.48*11.77*0*12*CLAIMREF001*11CAS*CO*45*4.71SVC*HC:85025*16.48*11.77**1DTM*472*20241202CLP*MMC2024000264*1*201.26*143.76*0*12*CLAIMREF001*11CAS*CO*45*57.50SVC*HC:99213*201.26*143.76**1DTM*472*20241205CLP*MMC2024000664*1*21.78*15.56*0*12*CLAIMREF001*11CAS*CO*45*6.22SVC*HC:80053*21.78*15.56**1DTM*472*20241206CLP*MMC2024000470*1*332.60*237.57*0*12*CLAIMREF001*11CAS*CO*45*95.03SVC*HC:99204*332.60*237.57**1DTM*472*20241219CLP*MMC2024001082*1*133.36*95.26*0*12*CLAIMREF001*11CAS*CO*45*38.10SVC*HC:99232*133.36*95.26**1DTM*472*20241204CLP*MMC2024000167*1*195.38*139.56*0*12*CLAIMREF001*11CAS*CO*45*55.82SVC*HC:99213*195.38*139.56**1DTM*472*20241205CLP*MMC2024000922*1*17.47*12.48*0*12*CLAIMREF001*11CAS*CO*45*4.99SVC*HC:36415*17.47*12.48**1DTM*472*20241218CLP*MMC2024000116*1*192.43*137.45*0*12*CLAIMREF001*11CAS*CO*45*54.98SVC*HC:99213*192.43*137.45**1DTM*472*20241214CLP*MMC2024000829*1*16.00*11.43*0*12*CLAIMREF001*11CAS*CO*45*4.57SVC*HC:85025*16.00*11.43**1DTM*472*20241221CLP*MMC2024000198*1*204.50*146.07*0*12*CLAIMREF001*11CAS*CO*45*58.43SVC*HC:99213*204.50*146.07**1DTM*472*20241202CLP*MMC2024000280*1*201.17*143.69*0*12*CLAIMREF001*11CAS*CO*45*57.48SVC*HC:99213*201.17*143.69**1DTM*472*20241222CLP*MMC2024000480*1*341.99*244.28*0*12*CLAIMREF001*11CAS*CO*45*97.71SVC*HC:99204*341.99*244.28**1DTM*472*20241211CLP*MMC2024000517*1*341.71*244.08*0*12*CLAIMREF001*11CAS*CO*45*97.63SVC*HC:99204*341.71*244.08**1DTM*472*20241216CLP*MMC2024000138*1*194.39*138.85*0*12*CLAIMREF001*11CAS*CO*45*55.54SVC*HC:99213*194.39*138.85**1DTM*472*20241214CLP*MMC2024000506*1*342.06*244.33*0*12*CLAIMREF001*11CAS*CO*45*97.73SVC*HC:99204*342.06*244.33**1DTM*472*20241205CLP*MMC2024000537*1*483.50*345.36*0*12*CLAIMREF001*11CAS*CO*45*138.14SVC*HC:99205*483.50*345.36**1DTM*472*20241203CLP*MMC2024000968*1*18.06*12.90*0*12*CLAIMREF001*11CAS*CO*45*5.16SVC*HC:36415*18.06*12.90**1DTM*472*20241219CLP*MMC2024000657*1*21.07*15.05*0*12*CLAIMREF001*11CAS*CO*45*6.02SVC*HC:80053*21.07*15.05**1DTM*472*20241228CLP*MMC2024000466*1*354.59*253.28*0*12*CLAIMREF001*11CAS*CO*45*101.31SVC*HC:99204*354.59*253.28**1DTM*472*20241219CLP*MMC2024000292*1*190.18*135.84*0*12*CLAIMREF001*11CAS*CO*45*54.34SVC*HC:99213*190.18*135.84**1DTM*472*20241215CLP*MMC2024000344*1*285.29*203.78*0*12*CLAIMREF001*11CAS*CO*45*81.51SVC*HC:99214*285.29*203.78**1DTM*472*20241225CLP*MMC2024000110*1*196.04*140.03*0*12*CLAIMREF001*11CAS*CO*45*56.01SVC*HC:99213*196.04*140.03**1DTM*472*20241224CLP*MMC2024000618*1*21.31*15.22*0*12*CLAIMREF001*11CAS*CO*45*6.09SVC*HC:80053*21.31*15.22**1DTM*472*20241208CLP*MMC2024000582*1*483.67*345.48*0*12*CLAIMREF001*11CAS*CO*45*138.19SVC*HC:99205*483.67*345.48**1DTM*472*20241220CLP*MMC2024000992*1*17.68*12.63*0*12*CLAIMREF001*11CAS*CO*45*5.05SVC*HC:36415*17.68*12.63**1DTM*472*20241223CLP*MMC2024000010*1*2898.74*2070.53*0*12*CLAIMREF001*11CAS*CO*45*828.21SVC*HC:29881*2898.74*2070.53**1DTM*472*20241223CLP*MMC2024001006*1*144.03*102.88*0*12*CLAIMREF001*11CAS*CO*45*41.15SVC*HC:99283*144.03*102.88**1DTM*472*20241205CLP*MMC2024000297*1*190.02*135.73*0*12*CLAIMREF001*11CAS*CO*45*54.29SVC*HC:99213*190.02*135.73**1DTM*472*20241223CLP*MMC2024000767*1*15.78*11.27*0*12*CLAIMREF001*11CAS*CO*45*4.51SVC*HC:85025*15.78*11.27**1DTM*472*20241220CLP*MMC2024000191*1*185.70*132.64*0*12*CLAIMREF001*11CAS*CO*45*53.06SVC*HC:99213*185.70*132.64**1DTM*472*20241203CLP*MMC2024000508*1*343.83*245.59*0*12*CLAIMREF001*11CAS*CO*45*98.24SVC*HC:99204*343.83*245.59**1DTM*472*20241205CLP*MMC2024000807*1*16.03*11.45*0*12*CLAIMREF001*11CAS*CO*45*4.58SVC*HC:85025*16.03*11.45**1DTM*472*20241216CLP*MMC2024000407*1*275.32*196.66*0*12*CLAIMREF001*11CAS*CO*45*78.66SVC*HC:99214*275.32*196.66**1DTM*472*20241210CLP*MMC2024000857*1*32.68*23.34*0*12*CLAIMREF001*11CAS*CO*45*9.34SVC*HC:93000*32.68*23.34**1DTM*472*20241215CLP*MMC2024000038*1*5338.05*3812.89*0*12*CLAIMREF001*11CAS*CO*45*1525.16SVC*HC:27130*5338.05*3812.89**1DTM*472*20241218CLP*MMC2024000181*1*189.49*135.35*0*12*CLAIMREF001*11CAS*CO*45*54.14SVC*HC:99213*189.49*135.35**1DTM*472*20241221CLP*MMC2024001032*1*149.38*106.70*0*12*CLAIMREF001*11CAS*CO*45*42.68SVC*HC:99283*149.38*106.70**1DTM*472*20241225CLP*MMC2024000428*1*279.83*199.88*0*12*CLAIMREF001*11CAS*CO*45*79.95SVC*HC:99214*279.83*199.88**1DTM*472*20241215CLP*MMC2024000180*1*189.63*135.45*0*12*CLAIMREF001*11CAS*CO*45*54.18SVC*HC:99213*189.63*135.45**1DTM*472*20241211CLP*MMC2024001035*1*141.76*101.26*0*12*CLAIMREF001*11CAS*CO*45*40.50SVC*HC:99283*141.76*101.26**1DTM*472*20241221CLP*MMC2024000871*1*31.91*22.79*0*12*CLAIMREF001*11CAS*CO*45*9.12SVC*HC:93000*31.91*22.79**1DTM*472*20241212CLP*MMC2024000741*1*16.49*11.78*0*12*CLAIMREF001*11CAS*CO*45*4.71SVC*HC:85025*16.49*11.78**1DTM*472*20241214CLP*MMC2024000757*1*16.41*11.72*0*12*CLAIMREF001*11CAS*CO*45*4.69SVC*HC:85025*16.41*11.72**1DTM*472*20241222CLP*MMC2024000548*1*481.25*343.75*0*12*CLAIMREF001*11CAS*CO*45*137.50SVC*HC:99205*481.25*343.75**1DTM*472*20241208CLP*MMC2024000238*1*198.60*141.86*0*12*CLAIMREF001*11CAS*CO*45*56.74SVC*HC:99213*198.60*141.86**1DTM*472*20241212CLP*MMC2024000970*1*18.63*13.31*0*12*CLAIMREF001*11CAS*CO*45*5.32SVC*HC:36415*18.63*13.31**1DTM*472*20241212CLP*MMC2024000668*1*22.12*15.80*0*12*CLAIMREF001*11CAS*CO*45*6.32SVC*HC:80053*22.12*15.80**1DTM*472*20241225CLP*MMC2024000092*1*415.72*296.94*0*12*CLAIMREF001*11CAS*CO*45*118.78SVC*HC:20610*415.72*296.94**1DTM*472*20241206CLP*MMC2024000788*1*16.42*11.73*0*12*CLAIMREF001*11CAS*CO*45*4.69SVC*HC:85025*16.42*11.73**1DTM*472*20241219CLP*MMC2024000061*1*400.90*286.36*0*12*CLAIMREF001*11CAS*CO*45*114.54SVC*HC:75571*400.90*286.36**1DTM*472*20241222CLP*MMC2024000662*1*21.10*15.07*0*12*CLAIMREF001*11CAS*CO*45*6.03SVC*HC:80053*21.10*15.07**1DTM*472*20241226CLP*MMC2024000293*1*187.03*133.59*0*12*CLAIMREF001*11CAS*CO*45*53.44SVC*HC:99213*187.03*133.59**1DTM*472*20241210CLP*MMC2024000329*1*277.02*197.87*0*12*CLAIMREF001*11CAS*CO*45*79.15SVC*HC:99214*277.02*197.87**1DTM*472*20241227CLP*MMC2024000976*1*17.44*12.46*0*12*CLAIMREF001*11CAS*CO*45*4.98SVC*HC:36415*17.44*12.46**1DTM*472*20241206CLP*MMC2024000775*1*16.04*11.46*0*12*CLAIMREF001*11CAS*CO*45*4.58SVC*HC:85025*16.04*11.46**1DTM*472*20241206CLP*MMC2024000205*1*202.40*144.57*0*12*CLAIMREF001*11CAS*CO*45*57.83SVC*HC:99213*202.40*144.57**1DTM*472*20241226CLP*MMC2024000667*1*21.32*15.23*0*12*CLAIMREF001*11CAS*CO*45*6.09SVC*HC:80053*21.32*15.23**1DTM*472*20241203CLP*MMC2024000489*1*341.56*243.97*0*12*CLAIMREF001*11CAS*CO*45*97.59SVC*HC:99204*341.56*243.97**1DTM*472*20241202CLP*MMC2024000488*1*352.35*251.68*0*12*CLAIMREF001*11CAS*CO*45*100.67SVC*HC:99204*352.35*251.68**1DTM*472*20241221CLP*MMC2024000900*1*32.91*23.51*0*12*CLAIMREF001*11CAS*CO*45*9.40SVC*HC:93000*32.91*23.51**1DTM*472*20241215CLP*MMC2024000902*1*33.26*23.76*0*12*CLAIMREF001*11CAS*CO*45*9.50SVC*HC:93000*33.26*23.76**1DTM*472*20241220CLP*MMC2024000669*1*21.87*15.62*0*12*CLAIMREF001*11CAS*CO*45*6.25SVC*HC:80053*21.87*15.62**1DTM*472*20241219CLP*MMC2024000417*1*272.29*194.49*0*12*CLAIMREF001*11CAS*CO*45*77.80SVC*HC:99214*272.29*194.49**1DTM*472*20241228CLP*MMC2024000162*1*191.37*136.69*0*12*CLAIMREF001*11CAS*CO*45*54.68SVC*HC:99213*191.37*136.69**1DTM*472*20241211CLP*MMC2024000564*1*468.17*334.41*0*12*CLAIMREF001*11CAS*CO*45*133.76SVC*HC:99205*468.17*334.41**1DTM*472*20241215CLP*MMC2024000006*1*5677.36*4055.26*0*12*CLAIMREF001*11CAS*CO*45*1622.10SVC*HC:27447*5677.36*4055.26**1DTM*472*20241202CLP*MMC2024000939*1*17.89*12.78*0*12*CLAIMREF001*11CAS*CO*45*5.11SVC*HC:36415*17.89*12.78**1DTM*472*20241226CLP*MMC2024000988*1*19.19*13.71*0*12*CLAIMREF001*11CAS*CO*45*5.48SVC*HC:36415*19.19*13.71**1DTM*472*20241222CLP*MMC2024001057*1*144.07*102.91*0*12*CLAIMREF001*11CAS*CO*45*41.16SVC*HC:99232*144.07*102.91**1DTM*472*20241227CLP*MMC2024000924*1*17.71*12.65*0*12*CLAIMREF001*11CAS*CO*45*5.06SVC*HC:36415*17.71*12.65**1DTM*472*20241225CLP*MMC2024000484*1*360.32*257.37*0*12*CLAIMREF001*11CAS*CO*45*102.95SVC*HC:99204*360.32*257.37**1DTM*472*20241222CLP*MMC2024000735*1*16.03*11.45*0*12*CLAIMREF001*11CAS*CO*45*4.58SVC*HC:85025*16.03*11.45**1DTM*472*20241219CLP*MMC2024000339*1*278.46*198.90*0*12*CLAIMREF001*11CAS*CO*45*79.56SVC*HC:99214*278.46*198.90**1DTM*472*20241204CLP*MMC2024000424*1*292.99*209.28*0*12*CLAIMREF001*11CAS*CO*45*83.71SVC*HC:99214*292.99*209.28**1DTM*472*20241204CLP*MMC2024000103*1*387.20*276.57*0*12*CLAIMREF001*11CAS*CO*45*110.63SVC*HC:20610*387.20*276.57**1DTM*472*20241208CLP*MMC2024000054*1*566.99*404.99*0*12*CLAIMREF001*11CAS*CO*45*162.00SVC*HC:93306*566.99*404.99**1DTM*472*20241209CLP*MMC2024000239*1*193.93*138.52*0*12*CLAIMREF001*11CAS*CO*45*55.41SVC*HC:99213*193.93*138.52**1DTM*472*20241222CLP*MMC2024000654*1*21.55*15.39*0*12*CLAIMREF001*11CAS*CO*45*6.16SVC*HC:80053*21.55*15.39**1DTM*472*20241228CLP*MMC2024000232*1*187.77*134.12*0*12*CLAIMREF001*11CAS*CO*45*53.65SVC*HC:99213*187.77*134.12**1DTM*472*20241219CLP*MMC2024001046*1*141.53*101.09*0*12*CLAIMREF001*11CAS*CO*45*40.44SVC*HC:99232*141.53*101.09**1DTM*472*20241224CLP*MMC2024000927*1*18.87*13.48*0*12*CLAIMREF001*11CAS*CO*45*5.39SVC*HC:36415*18.87*13.48**1DTM*472*20241203CLP*MMC2024000686*1*22.25*15.89*0*12*CLAIMREF001*11CAS*CO*45*6.36SVC*HC:80053*22.25*15.89**1DTM*472*20241215CLP*MMC2024000052*1*561.20*400.86*0*12*CLAIMREF001*11CAS*CO*45*160.34SVC*HC:93306*561.20*400.86**1DTM*472*20241209CLP*MMC2024000249*1*197.53*141.09*0*12*CLAIMREF001*11CAS*CO*45*56.44SVC*HC:99213*197.53*141.09**1DTM*472*20241210CLP*MMC2024000246*1*187.99*134.28*0*12*CLAIMREF001*11CAS*CO*45*53.71SVC*HC:99213*187.99*134.28**1DTM*472*20241214CLP*MMC2024000601*1*477.06*340.76*0*12*CLAIMREF001*11CAS*CO*45*136.30SVC*HC:99205*477.06*340.76**1DTM*472*20241209CLP*MMC2024000759*1*16.16*11.54*0*12*CLAIMREF001*11CAS*CO*45*4.62SVC*HC:85025*16.16*11.54**1DTM*472*20241224CLP*MMC2024001049*1*142.11*101.51*0*12*CLAIMREF001*11CAS*CO*45*40.60SVC*HC:99232*142.11*101.51**1DTM*472*20241217CLP*MMC2024000112*1*196.77*140.55*0*12*CLAIMREF001*11CAS*CO*45*56.22SVC*HC:99213*196.77*140.55**1DTM*472*20241208CLP*MMC2024000141*1*198.44*141.74*0*12*CLAIMREF001*11CAS*CO*45*56.70SVC*HC:99213*198.44*141.74**1DTM*472*20241216CLP*MMC2024000279*1*187.88*134.20*0*12*CLAIMREF001*11CAS*CO*45*53.68SVC*HC:99213*187.88*134.20**1DTM*472*20241205CLP*MMC2024000713*1*21.53*15.38*0*12*CLAIMREF001*11CAS*CO*45*6.15SVC*HC:80053*21.53*15.38**1DTM*472*20241222CLP*MMC2024000576*1*456.33*325.95*0*12*CLAIMREF001*11CAS*CO*45*130.38SVC*HC:99205*456.33*325.95**1DTM*472*20241212CLP*MMC2024000278*1*196.39*140.28*0*12*CLAIMREF001*11CAS*CO*45*56.11SVC*HC:99213*196.39*140.28**1DTM*472*20241228CLP*MMC2024000552*1*443.35*316.68*0*12*CLAIMREF001*11CAS*CO*45*126.67SVC*HC:99205*443.35*316.68**1DTM*472*20241206CLP*MMC2024000848*1*32.73*23.38*0*12*CLAIMREF001*11CAS*CO*45*9.35SVC*HC:93000*32.73*23.38**1DTM*472*20241217CLP*MMC2024000207*1*185.99*132.85*0*12*CLAIMREF001*11CAS*CO*45*53.14SVC*HC:99213*185.99*132.85**1DTM*472*20241224CLP*MMC2024000220*1*193.30*138.07*0*12*CLAIMREF001*11CAS*CO*45*55.23SVC*HC:99213*193.30*138.07**1DTM*472*20241209CLP*MMC2024000491*1*330.86*236.33*0*12*CLAIMREF001*11CAS*CO*45*94.53SVC*HC:99204*330.86*236.33**1DTM*472*20241210CLP*MMC2024000766*1*15.54*11.10*0*12*CLAIMREF001*11CAS*CO*45*4.44SVC*HC:85025*15.54*11.10**1DTM*472*20241211CLP*MMC2024000263*1*198.65*141.89*0*12*CLAIMREF001*11CAS*CO*45*56.76SVC*HC:99213*198.65*141.89**1DTM*472*20241208CLP*MMC2024001065*1*137.91*98.51*0*12*CLAIMREF001*11CAS*CO*45*39.40SVC*HC:99232*137.91*98.51**1DTM*472*20241208CLP*MMC2024000453*1*281.13*200.81*0*12*CLAIMREF001*11CAS*CO*45*80.32SVC*HC:99214*281.13*200.81**1DTM*472*20241210CLP*MMC2024000947*1*17.54*12.53*0*12*CLAIMREF001*11CAS*CO*45*5.01SVC*HC:36415*17.54*12.53**1DTM*472*20241220CLP*MMC2024000355*1*268.62*191.87*0*12*CLAIMREF001*11CAS*CO*45*76.75SVC*HC:99214*268.62*191.87**1DTM*472*20241219CLP*MMC2024000081*1*690.94*493.53*0*12*CLAIMREF001*11CAS*CO*45*197.41SVC*HC:93350*690.94*493.53**1DTM*472*20241201CLP*MMC2024000732*1*15.85*11.32*0*12*CLAIMREF001*11CAS*CO*45*4.53SVC*HC:85025*15.85*11.32**1DTM*472*20241214CLP*MMC2024001047*1*145.26*103.76*0*12*CLAIMREF001*11CAS*CO*45*41.50SVC*HC:99232*145.26*103.76**1DTM*472*20241212CLP*MMC2024000044*1*578.65*413.32*0*12*CLAIMREF001*11CAS*CO*45*165.33SVC*HC:93306*578.65*413.32**1DTM*472*20241202CLP*MMC2024000298*1*188.50*134.64*0*12*CLAIMREF001*11CAS*CO*45*53.86SVC*HC:99213*188.50*134.64**1DTM*472*20241207CLP*MMC2024000150*1*202.13*144.38*0*12*CLAIMREF001*11CAS*CO*45*57.75SVC*HC:99213*202.13*144.38**1DTM*472*20241203CLP*MMC2024000824*1*16.69*11.92*0*12*CLAIMREF001*11CAS*CO*45*4.77SVC*HC:85025*16.69*11.92**1DTM*472*20241222CLP*MMC2024000792*1*16.02*11.44*0*12*CLAIMREF001*11CAS*CO*45*4.58SVC*HC:85025*16.02*11.44**1DTM*472*20241215CLP*MMC2024000354*1*284.34*203.10*0*12*CLAIMREF001*11CAS*CO*45*81.24SVC*HC:99214*284.34*203.10**1DTM*472*20241226CLP*MMC2024000839*1*16.20*11.57*0*12*CLAIMREF001*11CAS*CO*45*4.63SVC*HC:85025*16.20*11.57**1DTM*472*20241212CLP*MMC2024000405*1*292.61*209.01*0*12*CLAIMREF001*11CAS*CO*45*83.60SVC*HC:99214*292.61*209.01**1DTM*472*20241227CLP*MMC2024000918*1*18.02*12.87*0*12*CLAIMREF001*11CAS*CO*45*5.15SVC*HC:36415*18.02*12.87**1DTM*472*20241224CLP*MMC2024000389*1*267.83*191.31*0*12*CLAIMREF001*11CAS*CO*45*76.52SVC*HC:99214*267.83*191.31**1DTM*472*20241208CLP*MMC2024000557*1*449.99*321.42*0*12*CLAIMREF001*11CAS*CO*45*128.57SVC*HC:99205*449.99*321.42**1DTM*472*20241214CLP*MMC2024001008*1*136.88*97.77*0*12*CLAIMREF001*11CAS*CO*45*39.11SVC*HC:99283*136.88*97.77**1DTM*472*20241215CLP*MMC2024000588*1*467.39*333.85*0*12*CLAIMREF001*11CAS*CO*45*133.54SVC*HC:99205*467.39*333.85**1DTM*472*20241222CLP*MMC2024000125*1*190.95*136.39*0*12*CLAIMREF001*11CAS*CO*45*54.56SVC*HC:99213*190.95*136.39**1DTM*472*20241208CLP*MMC2024000295*1*191.76*136.97*0*12*CLAIMREF001*11CAS*CO*45*54.79SVC*HC:99213*191.76*136.97**1DTM*472*20241218CLP*MMC2024001073*1*141.65*101.18*0*12*CLAIMREF001*11CAS*CO*45*40.47SVC*HC:99232*141.65*101.18**1DTM*472*20241225CLP*MMC2024001005*1*146.80*104.86*0*12*CLAIMREF001*11CAS*CO*45*41.94SVC*HC:99283*146.80*104.86**1DTM*472*20241227CLP*MMC2024000815*1*16.35*11.68*0*12*CLAIMREF001*11CAS*CO*45*4.67SVC*HC:85025*16.35*11.68**1DTM*472*20241220CLP*MMC2024000977*1*18.30*13.07*0*12*CLAIMREF001*11CAS*CO*45*5.23SVC*HC:36415*18.30*13.07**1DTM*472*20241213CLP*MMC2024000957*1*19.22*13.73*0*12*CLAIMREF001*11CAS*CO*45*5.49SVC*HC:36415*19.22*13.73**1DTM*472*20241209CLP*MMC2024000574*1*484.86*346.33*0*12*CLAIMREF001*11CAS*CO*45*138.53SVC*HC:99205*484.86*346.33**1DTM*472*20241228CLP*MMC2024000358*1*275.59*196.85*0*12*CLAIMREF001*11CAS*CO*45*78.74SVC*HC:99214*275.59*196.85**1DTM*472*20241217CLP*MMC2024000492*1*341.42*243.87*0*12*CLAIMREF001*11CAS*CO*45*97.55SVC*HC:99204*341.42*243.87**1DTM*472*20241223CLP*MMC2024000325*1*272.51*194.65*0*12*CLAIMREF001*11CAS*CO*45*77.86SVC*HC:99214*272.51*194.65**1DTM*472*20241211CLP*MMC2024000501*1*354.96*253.54*0*12*CLAIMREF001*11CAS*CO*45*101.42SVC*HC:99204*354.96*253.54**1DTM*472*20241216CLP*MMC2024000986*1*18.20*13.00*0*12*CLAIMREF001*11CAS*CO*45*5.20SVC*HC:36415*18.20*13.00**1DTM*472*20241203CLP*MMC2024000707*1*21.98*15.70*0*12*CLAIMREF001*11CAS*CO*45*6.28SVC*HC:80053*21.98*15.70**1DTM*472*20241228CLP*MMC2024000213*1*187.63*134.02*0*12*CLAIMREF001*11CAS*CO*45*53.61SVC*HC:99213*187.63*134.02**1DTM*472*20241228CLP*MMC2024000722*1*21.13*15.09*0*12*CLAIMREF001*11CAS*CO*45*6.04SVC*HC:80053*21.13*15.09**1DTM*472*20241222CLP*MMC2024001081*1*140.99*100.71*0*12*CLAIMREF001*11CAS*CO*45*40.28SVC*HC:99232*140.99*100.71**1DTM*472*20241204CLP*MMC2024000790*1*16.55*11.82*0*12*CLAIMREF001*11CAS*CO*45*4.73SVC*HC:85025*16.55*11.82**1DTM*472*20241220CLP*MMC2024000305*1*289.16*206.54*0*12*CLAIMREF001*11CAS*CO*45*82.62SVC*HC:99214*289.16*206.54**1DTM*472*20241225CLP*MMC2024000965*1*18.82*13.44*0*12*CLAIMREF001*11CAS*CO*45*5.38SVC*HC:36415*18.82*13.44**1DTM*472*20241202CLP*MMC2024000231*1*197.34*140.96*0*12*CLAIMREF001*11CAS*CO*45*56.38SVC*HC:99213*197.34*140.96**1DTM*472*20241217CLP*MMC2024001068*1*138.43*98.88*0*12*CLAIMREF001*11CAS*CO*45*39.55SVC*HC:99232*138.43*98.88**1DTM*472*20241227CLP*MMC2024000572*1*470.60*336.14*0*12*CLAIMREF001*11CAS*CO*45*134.46SVC*HC:99205*470.60*336.14**1DTM*472*20241215CLP*MMC2024000286*1*194.22*138.73*0*12*CLAIMREF001*11CAS*CO*45*55.49SVC*HC:99213*194.22*138.73**1DTM*472*20241206CLP*MMC2024000253*1*196.84*140.60*0*12*CLAIMREF001*11CAS*CO*45*56.24SVC*HC:99213*196.84*140.60**1DTM*472*20241221CLP*MMC2024000981*1*19.22*13.73*0*12*CLAIMREF001*11CAS*CO*45*5.49SVC*HC:36415*19.22*13.73**1DTM*472*20241210CLP*MMC2024000197*1*191.53*136.81*0*12*CLAIMREF001*11CAS*CO*45*54.72SVC*HC:99213*191.53*136.81**1DTM*472*20241226CLP*MMC2024000496*1*331.81*237.01*0*12*CLAIMREF001*11CAS*CO*45*94.80SVC*HC:99204*331.81*237.01**1DTM*472*20241218CLP*MMC2024000625*1*22.51*16.08*0*12*CLAIMREF001*11CAS*CO*45*6.43SVC*HC:80053*22.51*16.08**1DTM*472*20241204CLP*MMC2024000271*1*193.31*138.08*0*12*CLAIMREF001*11CAS*CO*45*55.23SVC*HC:99213*193.31*138.08**1DTM*472*20241205CLP*MMC2024000710*1*21.18*15.13*0*12*CLAIMREF001*11CAS*CO*45*6.05SVC*HC:80053*21.18*15.13**1DTM*472*20241210CLP*MMC2024001078*1*136.93*97.81*0*12*CLAIMREF001*11CAS*CO*45*39.12SVC*HC:99232*136.93*97.81**1DTM*472*20241215CLP*MMC2024000659*1*22.26*15.90*0*12*CLAIMREF001*11CAS*CO*45*6.36SVC*HC:80053*22.26*15.90**1DTM*472*20241226CLP*MMC2024000698*1*21.90*15.64*0*12*CLAIMREF001*11CAS*CO*45*6.26SVC*HC:80053*21.90*15.64**1DTM*472*20241205CLP*MMC2024000739*1*15.64*11.17*0*12*CLAIMREF001*11CAS*CO*45*4.47SVC*HC:85025*15.64*11.17**1DTM*472*20241215CLP*MMC2024000889*1*31.88*22.77*0*12*CLAIMREF001*11CAS*CO*45*9.11SVC*HC:93000*31.88*22.77**1DTM*472*20241227CLP*MMC2024000791*1*16.03*11.45*0*12*CLAIMREF001*11CAS*CO*45*4.58SVC*HC:85025*16.03*11.45**1DTM*472*20241221CLP*MMC2024000693*1*23.03*16.45*0*12*CLAIMREF001*11CAS*CO*45*6.58SVC*HC:80053*23.03*16.45**1DTM*472*20241214CLP*MMC2024000363*1*290.14*207.24*0*12*CLAIMREF001*11CAS*CO*45*82.90SVC*HC:99214*290.14*207.24**1DTM*472*20241215CLP*MMC2024000560*1*442.36*315.97*0*12*CLAIMREF001*11CAS*CO*45*126.39SVC*HC:99205*442.36*315.97**1DTM*472*20241228CLP*MMC2024000351*1*284.52*203.23*0*12*CLAIMREF001*11CAS*CO*45*81.29SVC*HC:99214*284.52*203.23**1DTM*472*20241221CLP*MMC2024000546*1*440.37*314.55*0*12*CLAIMREF001*11CAS*CO*45*125.82SVC*HC:99205*440.37*314.55**1DTM*472*20241203CLP*MMC2024000935*1*17.46*12.47*0*12*CLAIMREF001*11CAS*CO*45*4.99SVC*HC:36415*17.46*12.47**1DTM*472*20241221CLP*MMC2024000471*1*341.33*243.81*0*12*CLAIMREF001*11CAS*CO*45*97.52SVC*HC:99204*341.33*243.81**1DTM*472*20241227CLP*MMC2024000178*1*200.00*142.86*0*12*CLAIMREF001*11CAS*CO*45*57.14SVC*HC:99213*200.00*142.86**1DTM*472*20241205CLP*MMC2024000980*1*18.68*13.34*0*12*CLAIMREF001*11CAS*CO*45*5.34SVC*HC:36415*18.68*13.34**1DTM*472*20241207CLP*MMC2024000322*1*266.00*190.00*0*12*CLAIMREF001*11CAS*CO*45*76.00SVC*HC:99214*266.00*190.00**1DTM*472*20241221CLP*MMC2024000386*1*271.95*194.25*0*12*CLAIMREF001*11CAS*CO*45*77.70SVC*HC:99214*271.95*194.25**1DTM*472*20241216CLP*MMC2024000539*1*454.36*324.54*0*12*CLAIMREF001*11CAS*CO*45*129.82SVC*HC:99205*454.36*324.54**1DTM*472*20241223CLP*MMC2024000490*1*333.35*238.11*0*12*CLAIMREF001*11CAS*CO*45*95.24SVC*HC:99204*333.35*238.11**1DTM*472*20241218CLP*MMC2024001052*1*135.28*96.63*0*12*CLAIMREF001*11CAS*CO*45*38.65SVC*HC:99232*135.28*96.63**1DTM*472*20241208CLP*MMC2024001063*1*138.46*98.90*0*12*CLAIMREF001*11CAS*CO*45*39.56SVC*HC:99232*138.46*98.90**1DTM*472*20241203CLP*MMC2024000575*1*461.03*329.31*0*12*CLAIMREF001*11CAS*CO*45*131.72SVC*HC:99205*461.03*329.31**1DTM*472*20241208CLP*MMC2024000425*1*280.83*200.59*0*12*CLAIMREF001*11CAS*CO*45*80.24SVC*HC:99214*280.83*200.59**1DTM*472*20241214CLP*MMC2024000283*1*202.92*144.94*0*12*CLAIMREF001*11CAS*CO*45*57.98SVC*HC:99213*202.92*144.94**1DTM*472*20241220CLP*MMC2024000128*1*202.23*144.45*0*12*CLAIMREF001*11CAS*CO*45*57.78SVC*HC:99213*202.23*144.45**1DTM*472*20241204CLP*MMC2024000966*1*17.63*12.59*0*12*CLAIMREF001*11CAS*CO*45*5.04SVC*HC:36415*17.63*12.59**1DTM*472*20241208CLP*MMC2024000841*1*15.79*11.28*0*12*CLAIMREF001*11CAS*CO*45*4.51SVC*HC:85025*15.79*11.28**1DTM*472*20241207CLP*MMC2024000418*1*278.59*198.99*0*12*CLAIMREF001*11CAS*CO*45*79.60SVC*HC:99214*278.59*198.99**1DTM*472*20241227CLP*MMC2024000846*1*32.89*23.49*0*12*CLAIMREF001*11CAS*CO*45*9.40SVC*HC:93000*32.89*23.49**1DTM*472*20241217CLP*MMC2024000311*1*285.75*204.11*0*12*CLAIMREF001*11CAS*CO*45*81.64SVC*HC:99214*285.75*204.11**1DTM*472*20241226CLP*MMC2024000858*1*32.33*23.09*0*12*CLAIMREF001*11CAS*CO*45*9.24SVC*HC:93000*32.33*23.09**1DTM*472*20241225CLP*MMC2024000643*1*21.87*15.62*0*12*CLAIMREF001*11CAS*CO*45*6.25SVC*HC:80053*21.87*15.62**1DTM*472*20241213CLP*MMC2024000904*1*18.34*13.10*0*12*CLAIMREF001*11CAS*CO*45*5.24SVC*HC:36415*18.34*13.10**1DTM*472*20241208CLP*MMC2024000039*1*5387.63*3848.31*0*12*CLAIMREF001*11CAS*CO*45*1539.32SVC*HC:27130*5387.63*3848.31**1DTM*472*20241206CLP*MMC2024000391*1*273.80*195.57*0*12*CLAIMREF001*11CAS*CO*45*78.23SVC*HC:99214*273.80*195.57**1DTM*472*20241219CLP*MMC2024000226*1*187.77*134.12*0*12*CLAIMREF001*11CAS*CO*45*53.65SVC*HC:99213*187.77*134.12**1DTM*472*20241209CLP*MMC2024000065*1*404.70*289.07*0*12*CLAIMREF001*11CAS*CO*45*115.63SVC*HC:75571*404.70*289.07**1DTM*472*20241218CLP*MMC2024000497*1*326.83*233.45*0*12*CLAIMREF001*11CAS*CO*45*93.38SVC*HC:99204*326.83*233.45**1DTM*472*20241214CLP*MMC2024000303*1*203.18*145.13*0*12*CLAIMREF001*11CAS*CO*45*58.05SVC*HC:99213*203.18*145.13**1DTM*472*20241219CLP*MMC2024000779*1*16.07*11.48*0*12*CLAIMREF001*11CAS*CO*45*4.59SVC*HC:85025*16.07*11.48**1DTM*472*20241224CLP*MMC2024000350*1*270.77*193.41*0*12*CLAIMREF001*11CAS*CO*45*77.36SVC*HC:99214*270.77*193.41**1DTM*472*20241219CLP*MMC2024000984*1*18.96*13.54*0*12*CLAIMREF001*11CAS*CO*45*5.42SVC*HC:36415*18.96*13.54**1DTM*472*20241215CLP*MMC2024000106*1*186.83*133.45*0*12*CLAIMREF001*11CAS*CO*45*53.38SVC*HC:99213*186.83*133.45**1DTM*472*20241202CLP*MMC2024000467*1*327.75*234.11*0*12*CLAIMREF001*11CAS*CO*45*93.64SVC*HC:99204*327.75*234.11**1DTM*472*20241225CLP*MMC2024000544*1*467.66*334.04*0*12*CLAIMREF001*11CAS*CO*45*133.62SVC*HC:99205*467.66*334.04**1DTM*472*20241225CLP*MMC2024000972*1*17.53*12.52*0*12*CLAIMREF001*11CAS*CO*45*5.01SVC*HC:36415*17.53*12.52**1DTM*472*20241205CLP*MMC2024000055*1*577.44*412.46*0*12*CLAIMREF001*11CAS*CO*45*164.98SVC*HC:93306*577.44*412.46**1DTM*472*20241214CLP*MMC2024000631*1*22.55*16.11*0*12*CLAIMREF001*11CAS*CO*45*6.44SVC*HC:80053*22.55*16.11**1DTM*472*20241224CLP*MMC2024000854*1*32.37*23.12*0*12*CLAIMREF001*11CAS*CO*45*9.25SVC*HC:93000*32.37*23.12**1DTM*472*20241206CLP*MMC2024000225*1*191.98*137.13*0*12*CLAIMREF001*11CAS*CO*45*54.85SVC*HC:99213*191.98*137.13**1DTM*472*20241201CLP*MMC2024000679*1*22.65*16.18*0*12*CLAIMREF001*11CAS*CO*45*6.47SVC*HC:80053*22.65*16.18**1DTM*472*20241215CLP*MMC2024000755*1*15.71*11.22*0*12*CLAIMREF001*11CAS*CO*45*4.49SVC*HC:85025*15.71*11.22**1DTM*472*20241218CLP*MMC2024000035*1*5113.95*3652.82*0*12*CLAIMREF001*11CAS*CO*45*1461.13SVC*HC:27130*5113.95*3652.82**1DTM*472*20241209CLP*MMC2024000973*1*18.35*13.11*0*12*CLAIMREF001*11CAS*CO*45*5.24SVC*HC:36415*18.35*13.11**1DTM*472*20241213CLP*MMC2024000614*1*22.08*15.77*0*12*CLAIMREF001*11CAS*CO*45*6.31SVC*HC:80053*22.08*15.77**1DTM*472*20241222CLP*MMC2024001004*1*142.66*101.90*0*12*CLAIMREF001*11CAS*CO*45*40.76SVC*HC:99283*142.66*101.90**1DTM*472*20241214CLP*MMC2024001044*1*134.40*96.00*0*12*CLAIMREF001*11CAS*CO*45*38.40SVC*HC:99232*134.40*96.00**1DTM*472*20241220CLP*MMC2024001039*1*134.97*96.41*0*12*CLAIMREF001*11CAS*CO*45*38.56SVC*HC:99232*134.97*96.41**1DTM*472*20241226CLP*MMC2024000689*1*21.32*15.23*0*12*CLAIMREF001*11CAS*CO*45*6.09SVC*HC:80053*21.32*15.23**1DTM*472*20241221CLP*MMC2024000613*1*21.66*15.47*0*12*CLAIMREF001*11CAS*CO*45*6.19SVC*HC:80053*21.66*15.47**1DTM*472*20241204CLP*MMC2024000805*1*16.24*11.60*0*12*CLAIMREF001*11CAS*CO*45*4.64SVC*HC:85025*16.24*11.60**1DTM*472*20241226CLP*MMC2024000333*1*271.50*193.93*0*12*CLAIMREF001*11CAS*CO*45*77.57SVC*HC:99214*271.50*193.93**1DTM*472*20241203CLP*MMC2024000653*1*22.30*15.93*0*12*CLAIMREF001*11CAS*CO*45*6.37SVC*HC:80053*22.30*15.93**1DTM*472*20241219CLP*MMC2024000672*1*21.17*15.12*0*12*CLAIMREF001*11CAS*CO*45*6.05SVC*HC:80053*21.17*15.12**1DTM*472*20241226CLP*MMC2024000287*1*200.03*142.88*0*12*CLAIMREF001*11CAS*CO*45*57.15SVC*HC:99213*200.03*142.88**1DTM*472*20241216CLP*MMC2024001056*1*135.02*96.44*0*12*CLAIMREF001*11CAS*CO*45*38.58SVC*HC:99232*135.02*96.44**1DTM*472*20241228CLP*MMC2024000306*1*281.32*200.94*0*12*CLAIMREF001*11CAS*CO*45*80.38SVC*HC:99214*281.32*200.94**1DTM*472*20241216CLP*MMC2024000936*1*17.74*12.67*0*12*CLAIMREF001*11CAS*CO*45*5.07SVC*HC:36415*17.74*12.67**1DTM*472*20241212CLP*MMC2024001064*1*144.66*103.33*0*12*CLAIMREF001*11CAS*CO*45*41.33SVC*HC:99232*144.66*103.33**1DTM*472*20241217CLP*MMC2024000971*1*18.07*12.91*0*12*CLAIMREF001*11CAS*CO*45*5.16SVC*HC:36415*18.07*12.91**1DTM*472*20241225CLP*MMC2024000683*1*22.46*16.04*0*12*CLAIMREF001*11CAS*CO*45*6.42SVC*HC:80053*22.46*16.04**1DTM*472*20241219CLP*MMC2024000281*1*195.89*139.92*0*12*CLAIMREF001*11CAS*CO*45*55.97SVC*HC:99213*195.89*139.92**1DTM*472*20241218CLP*MMC2024000080*1*665.55*475.39*0*12*CLAIMREF001*11CAS*CO*45*190.16SVC*HC:93350*665.55*475.39**1DTM*472*20241225CLP*MMC2024000093*1*388.58*277.56*0*12*CLAIMREF001*11CAS*CO*45*111.02SVC*HC:20610*388.58*277.56**1DTM*472*20241228CLP*MMC2024000083*1*1782.34*1273.10*0*12*CLAIMREF001*11CAS*CO*45*509.24SVC*HC:75574*1782.34*1273.10**1DTM*472*20241212CLP*MMC2024001025*1*137.14*97.96*0*12*CLAIMREF001*11CAS*CO*45*39.18SVC*HC:99283*137.14*97.96**1DTM*472*20241221CLP*MMC2024000823*1*16.13*11.52*0*12*CLAIMREF001*11CAS*CO*45*4.61SVC*HC:85025*16.13*11.52**1DTM*472*20241209CLP*MMC2024001043*1*137.34*98.10*0*12*CLAIMREF001*11CAS*CO*45*39.24SVC*HC:99232*137.34*98.10**1DTM*472*20241215CLP*MMC2024000408*1*265.64*189.74*0*12*CLAIMREF001*11CAS*CO*45*75.90SVC*HC:99214*265.64*189.74**1DTM*472*20241218CLP*MMC2024000296*1*187.08*133.63*0*12*CLAIMREF001*11CAS*CO*45*53.45SVC*HC:99213*187.08*133.63**1DTM*472*20241205CLP*MMC2024000749*1*15.60*11.14*0*12*CLAIMREF001*11CAS*CO*45*4.46SVC*HC:85025*15.60*11.14**1DTM*472*20241207CLP*MMC2024000695*1*21.95*15.68*0*12*CLAIMREF001*11CAS*CO*45*6.27SVC*HC:80053*21.95*15.68**1DTM*472*20241224SE*4344*0001GE*1*1IEA*1*000000001