ISA*00*          *00*          *ZZ*62308          *ZZ*MW-MFG-500     *250115*1200*^*00501*000000001*0*P*:~GS*HP*62308*MW-MFG-500*20250115*1200*1*X*005010X221A1~ST*835*0001*005010X221A1~BPR*I*622368.39*C*ACH*CCP*01*021000021*DA*123456789*1512345678*01*031000024*DA*987654321*20250115~TRN*1*TRACE20250115001*1512345678~DTM*405*20250115~N1*PR*CIGNA HEALTH AND LIFE INSURANCE COMPANY*XV*62308~N1*PE*MIDWEST MANUFACTURING CO*FI*36-1234567~CLP*CLM001001*1*5433.13*4293.69*31.53*12*CIGNA001001~CAS*CO*45*1139.44*1~SVC*HC:27447*5433.13*4293.69****1~DTM*472*20241209~CAS*CO*45*1139.44*1~CLP*CLM001002*1*5540.88*4028.57*19.80*12*CIGNA001002~CAS*CO*45*1512.31*1~SVC*HC:27447*5540.88*4028.57****1~DTM*472*20241204~CAS*CO*45*1512.31*1~CLP*CLM001003*1*6248.96*4318.74*19.37*12*CIGNA001003~CAS*CO*45*1930.22*1~SVC*HC:27447*6248.96*4318.74****1~DTM*472*20241203~CAS*CO*45*1930.22*1~CLP*CLM001004*1*5439.50*4260.81*25.94*12*CIGNA001004~CAS*CO*45*1178.69*1~SVC*HC:27447*5439.50*4260.81****1~DTM*472*20241203~CAS*CO*45*1178.69*1~CLP*CLM001005*1*5885.04*4010.92*16.71*12*CIGNA001005~CAS*CO*45*1874.12*1~SVC*HC:27447*5885.04*4010.92****1~DTM*472*20241201~CAS*CO*45*1874.12*1~CLP*CLM001006*1*6083.23*4241.16*23.93*12*CIGNA001006~CAS*CO*45*1842.07*1~SVC*HC:27447*6083.23*4241.16****1~DTM*472*20241223~CAS*CO*45*1842.07*1~CLP*CLM001007*1*5616.99*4230.20*31.06*12*CIGNA001007~CAS*CO*45*1386.79*1~SVC*HC:27447*5616.99*4230.20****1~DTM*472*20241219~CAS*CO*45*1386.79*1~CLP*CLM001008*1*6227.44*4050.94*31.65*12*CIGNA001008~CAS*CO*45*2176.50*1~SVC*HC:27447*6227.44*4050.94****1~DTM*472*20241225~CAS*CO*45*2176.50*1~CLP*CLM001009*1*2816.55*2045.42*26.24*12*CIGNA001009~CAS*CO*45*771.13*1~SVC*HC:29881*2816.55*2045.42****1~DTM*472*20241211~CAS*CO*45*771.13*1~CLP*CLM001010*1*2605.65*1880.70*15.33*12*CIGNA001010~CAS*CO*45*724.95*1~SVC*HC:29881*2605.65*1880.70****1~DTM*472*20241225~CAS*CO*45*724.95*1~CLP*CLM001011*1*2552.11*1899.02*15.36*12*CIGNA001011~CAS*CO*45*653.09*1~SVC*HC:29881*2552.11*1899.02****1~DTM*472*20241204~CAS*CO*45*653.09*1~CLP*CLM001012*1*2661.84*1906.00*31.88*12*CIGNA001012~CAS*CO*45*755.84*1~SVC*HC:29881*2661.84*1906.00****1~DTM*472*20241209~CAS*CO*45*755.84*1~CLP*CLM001013*1*2830.35*2045.82*33.08*12*CIGNA001013~CAS*CO*45*784.53*1~SVC*HC:29881*2830.35*2045.82****1~DTM*472*20241218~CAS*CO*45*784.53*1~CLP*CLM001014*1*2914.46*1832.95*21.67*12*CIGNA001014~CAS*CO*45*1081.51*1~SVC*HC:29881*2914.46*1832.95****1~DTM*472*20241203~CAS*CO*45*1081.51*1~CLP*CLM001015*1*2873.88*1966.24*33.07*12*CIGNA001015~CAS*CO*45*907.64*1~SVC*HC:29881*2873.88*1966.24****1~DTM*472*20241220~CAS*CO*45*907.64*1~CLP*CLM001016*1*2669.56*2070.26*13.54*12*CIGNA001016~CAS*CO*45*599.30*1~SVC*HC:29881*2669.56*2070.26****1~DTM*472*20241207~CAS*CO*45*599.30*1~CLP*CLM001017*1*2531.62*2013.83*30.47*12*CIGNA001017~CAS*CO*45*517.79*1~SVC*HC:29881*2531.62*2013.83****1~DTM*472*20241208~CAS*CO*45*517.79*1~CLP*CLM001018*1*2941.94*2035.20*26.16*12*CIGNA001018~CAS*CO*45*906.74*1~SVC*HC:29881*2941.94*2035.20****1~DTM*472*20241228~CAS*CO*45*906.74*1~CLP*CLM001019*1*2555.72*1866.63*37.24*12*CIGNA001019~CAS*CO*45*689.09*1~SVC*HC:29881*2555.72*1866.63****1~DTM*472*20241209~CAS*CO*45*689.09*1~CLP*CLM001020*1*2875.94*1935.46*15.06*12*CIGNA001020~CAS*CO*45*940.48*1~SVC*HC:29881*2875.94*1935.46****1~DTM*472*20241206~CAS*CO*45*940.48*1~CLP*CLM001021*1*2456.27*1801.78*33.25*12*CIGNA001021~CAS*CO*45*654.49*1~SVC*HC:73721*2456.27*1801.78****1~DTM*472*20241209~CAS*CO*45*654.49*1~CLP*CLM001022*1*2651.65*1899.42*31.28*12*CIGNA001022~CAS*CO*45*752.23*1~SVC*HC:73721*2651.65*1899.42****1~DTM*472*20241203~CAS*CO*45*752.23*1~CLP*CLM001023*1*2440.46*1872.13*19.94*12*CIGNA001023~CAS*CO*45*568.33*1~SVC*HC:73721*2440.46*1872.13****1~DTM*472*20241224~CAS*CO*45*568.33*1~CLP*CLM001024*1*2560.45*1764.87*37.48*12*CIGNA001024~CAS*CO*45*795.58*1~SVC*HC:73721*2560.45*1764.87****1~DTM*472*20241209~CAS*CO*45*795.58*1~CLP*CLM001025*1*2633.70*1984.12*23.74*12*CIGNA001025~CAS*CO*45*649.58*1~SVC*HC:73721*2633.70*1984.12****1~DTM*472*20241218~CAS*CO*45*649.58*1~CLP*CLM001026*1*2503.58*1757.45*21.21*12*CIGNA001026~CAS*CO*45*746.13*1~SVC*HC:73721*2503.58*1757.45****1~DTM*472*20241225~CAS*CO*45*746.13*1~CLP*CLM001027*1*2464.32*1921.25*32.92*12*CIGNA001027~CAS*CO*45*543.07*1~SVC*HC:73721*2464.32*1921.25****1~DTM*472*20241202~CAS*CO*45*543.07*1~CLP*CLM001028*1*2535.26*1929.81*23.48*12*CIGNA001028~CAS*CO*45*605.45*1~SVC*HC:73721*2535.26*1929.81****1~DTM*472*20241203~CAS*CO*45*605.45*1~CLP*CLM001029*1*2758.55*1754.91*37.35*12*CIGNA001029~CAS*CO*45*1003.64*1~SVC*HC:73721*2758.55*1754.91****1~DTM*472*20241229~CAS*CO*45*1003.64*1~CLP*CLM001030*1*2457.56*1904.15*31.89*12*CIGNA001030~CAS*CO*45*553.41*1~SVC*HC:73721*2457.56*1904.15****1~DTM*472*20241216~CAS*CO*45*553.41*1~CLP*CLM001031*1*2746.86*1809.27*18.42*12*CIGNA001031~CAS*CO*45*937.59*1~SVC*HC:73721*2746.86*1809.27****1~DTM*472*20241215~CAS*CO*45*937.59*1~CLP*CLM001032*1*2427.47*1734.86*32.77*12*CIGNA001032~CAS*CO*45*692.61*1~SVC*HC:73721*2427.47*1734.86****1~DTM*472*20241224~CAS*CO*45*692.61*1~CLP*CLM001033*1*2478.21*1858.07*27.20*12*CIGNA001033~CAS*CO*45*620.14*1~SVC*HC:73721*2478.21*1858.07****1~DTM*472*20241219~CAS*CO*45*620.14*1~CLP*CLM001034*1*2610.43*1818.93*21.27*12*CIGNA001034~CAS*CO*45*791.50*1~SVC*HC:73721*2610.43*1818.93****1~DTM*472*20241212~CAS*CO*45*791.50*1~CLP*CLM001035*1*5743.50*3629.35*30.27*12*CIGNA001035~CAS*CO*45*2114.15*1~SVC*HC:27130*5743.50*3629.35****1~DTM*472*20241217~CAS*CO*45*2114.15*1~CLP*CLM001036*1*5537.72*3796.06*28.32*12*CIGNA001036~CAS*CO*45*1741.66*1~SVC*HC:27130*5537.72*3796.06****1~DTM*472*20241228~CAS*CO*45*1741.66*1~CLP*CLM001037*1*5428.48*3562.67*16.65*12*CIGNA001037~CAS*CO*45*1865.81*1~SVC*HC:27130*5428.48*3562.67****1~DTM*472*20241226~CAS*CO*45*1865.81*1~CLP*CLM001038*1*5402.06*3909.73*15.98*12*CIGNA001038~CAS*CO*45*1492.33*1~SVC*HC:27130*5402.06*3909.73****1~DTM*472*20241213~CAS*CO*45*1492.33*1~CLP*CLM001039*1*5742.30*3728.02*17.67*12*CIGNA001039~CAS*CO*45*2014.28*1~SVC*HC:27130*5742.30*3728.02****1~DTM*472*20241217~CAS*CO*45*2014.28*1~CLP*CLM001040*1*593.01*403.30*17.67*12*CIGNA001040~CAS*CO*45*189.71*1~SVC*HC:93306*593.01*403.30****1~DTM*472*20241231~CAS*CO*45*189.71*1~CLP*CLM001041*1*608.77*387.17*13.98*12*CIGNA001041~CAS*CO*45*221.60*1~SVC*HC:93306*608.77*387.17****1~DTM*472*20241222~CAS*CO*45*221.60*1~CLP*CLM001042*1*611.60*445.86*21.27*12*CIGNA001042~CAS*CO*45*165.74*1~SVC*HC:93306*611.60*445.86****1~DTM*472*20241225~CAS*CO*45*165.74*1~CLP*CLM001043*1*551.45*429.47*19.53*12*CIGNA001043~CAS*CO*45*121.98*1~SVC*HC:93306*551.45*429.47****1~DTM*472*20241214~CAS*CO*45*121.98*1~CLP*CLM001044*1*541.27*397.03*25.97*12*CIGNA001044~CAS*CO*45*144.24*1~SVC*HC:93306*541.27*397.03****1~DTM*472*20241224~CAS*CO*45*144.24*1~CLP*CLM001045*1*565.74*445.26*20.59*12*CIGNA001045~CAS*CO*45*120.48*1~SVC*HC:93306*565.74*445.26****1~DTM*472*20241217~CAS*CO*45*120.48*1~CLP*CLM001046*1*588.72*437.60*30.10*12*CIGNA001046~CAS*CO*45*151.12*1~SVC*HC:93306*588.72*437.60****1~DTM*472*20241204~CAS*CO*45*151.12*1~CLP*CLM001047*1*569.04*444.90*19.73*12*CIGNA001047~CAS*CO*45*124.14*1~SVC*HC:93306*569.04*444.90****1~DTM*472*20241221~CAS*CO*45*124.14*1~CLP*CLM001048*1*559.67*420.51*19.18*12*CIGNA001048~CAS*CO*45*139.16*1~SVC*HC:93306*559.67*420.51****1~DTM*472*20241212~CAS*CO*45*139.16*1~CLP*CLM001049*1*591.70*437.64*33.95*12*CIGNA001049~CAS*CO*45*154.06*1~SVC*HC:93306*591.70*437.64****1~DTM*472*20241225~CAS*CO*45*154.06*1~CLP*CLM001050*1*627.37*448.39*37.14*12*CIGNA001050~CAS*CO*45*178.98*1~SVC*HC:93306*627.37*448.39****1~DTM*472*20241220~CAS*CO*45*178.98*1~CLP*CLM001051*1*542.79*408.18*29.48*12*CIGNA001051~CAS*CO*45*134.61*1~SVC*HC:93306*542.79*408.18****1~DTM*472*20241230~CAS*CO*45*134.61*1~CLP*CLM001052*1*633.66*410.79*14.88*12*CIGNA001052~CAS*CO*45*222.87*1~SVC*HC:93306*633.66*410.79****1~DTM*472*20241226~CAS*CO*45*222.87*1~CLP*CLM001053*1*546.41*407.06*36.57*12*CIGNA001053~CAS*CO*45*139.35*1~SVC*HC:93306*546.41*407.06****1~DTM*472*20241229~CAS*CO*45*139.35*1~CLP*CLM001054*1*548.37*424.53*32.14*12*CIGNA001054~CAS*CO*45*123.84*1~SVC*HC:93306*548.37*424.53****1~DTM*472*20241224~CAS*CO*45*123.84*1~CLP*CLM001055*1*547.47*419.06*35.47*12*CIGNA001055~CAS*CO*45*128.41*1~SVC*HC:93306*547.47*419.06****1~DTM*472*20241225~CAS*CO*45*128.41*1~CLP*CLM001056*1*552.79*422.20*37.31*12*CIGNA001056~CAS*CO*45*130.59*1~SVC*HC:93306*552.79*422.20****1~DTM*472*20241222~CAS*CO*45*130.59*1~CLP*CLM001057*1*592.69*418.34*34.18*12*CIGNA001057~CAS*CO*45*174.35*1~SVC*HC:93306*592.69*418.34****1~DTM*472*20241209~CAS*CO*45*174.35*1~CLP*CLM001058*1*441.40*311.37*15.67*12*CIGNA001058~CAS*CO*45*130.03*1~SVC*HC:75571*441.40*311.37****1~DTM*472*20241231~CAS*CO*45*130.03*1~CLP*CLM001059*1*436.73*295.71*34.15*12*CIGNA001059~CAS*CO*45*141.02*1~SVC*HC:75571*436.73*295.71****1~DTM*472*20241224~CAS*CO*45*141.02*1~CLP*CLM001060*1*448.79*319.42*18.74*12*CIGNA001060~CAS*CO*45*129.37*1~SVC*HC:75571*448.79*319.42****1~DTM*472*20241213~CAS*CO*45*129.37*1~CLP*CLM001061*1*444.41*334.56*30.28*12*CIGNA001061~CAS*CO*45*109.85*1~SVC*HC:75571*444.41*334.56****1~DTM*472*20241215~CAS*CO*45*109.85*1~CLP*CLM001062*1*430.63*329.82*33.21*12*CIGNA001062~CAS*CO*45*100.81*1~SVC*HC:75571*430.63*329.82****1~DTM*472*20241208~CAS*CO*45*100.81*1~CLP*CLM001063*1*422.76*296.34*31.54*12*CIGNA001063~CAS*CO*45*126.42*1~SVC*HC:75571*422.76*296.34****1~DTM*472*20241219~CAS*CO*45*126.42*1~CLP*CLM001064*1*440.14*312.67*29.41*12*CIGNA001064~CAS*CO*45*127.47*1~SVC*HC:75571*440.14*312.67****1~DTM*472*20241201~CAS*CO*45*127.47*1~CLP*CLM001065*1*443.10*288.72*24.74*12*CIGNA001065~CAS*CO*45*154.38*1~SVC*HC:75571*443.10*288.72****1~DTM*472*20241208~CAS*CO*45*154.38*1~CLP*CLM001066*1*401.46*288.54*26.94*12*CIGNA001066~CAS*CO*45*112.92*1~SVC*HC:75571*401.46*288.54****1~DTM*472*20241211~CAS*CO*45*112.92*1~CLP*CLM001067*1*415.81*288.71*19.22*12*CIGNA001067~CAS*CO*45*127.10*1~SVC*HC:75571*415.81*288.71****1~DTM*472*20241222~CAS*CO*45*127.10*1~CLP*CLM001068*1*436.72*309.28*22.86*12*CIGNA001068~CAS*CO*45*127.44*1~SVC*HC:75571*436.72*309.28****1~DTM*472*20241224~CAS*CO*45*127.44*1~CLP*CLM001069*1*438.93*331.60*23.80*12*CIGNA001069~CAS*CO*45*107.33*1~SVC*HC:75571*438.93*331.60****1~DTM*472*20241216~CAS*CO*45*107.33*1~CLP*CLM001070*1*7109.12*4890.29*28.34*12*CIGNA001070~CAS*CO*45*2218.83*1~SVC*HC:22551*7109.12*4890.29****1~DTM*472*20241214~CAS*CO*45*2218.83*1~CLP*CLM001071*1*6679.53*4847.37*34.50*12*CIGNA001071~CAS*CO*45*1832.16*1~SVC*HC:22551*6679.53*4847.37****1~DTM*472*20241214~CAS*CO*45*1832.16*1~CLP*CLM001072*1*7038.44*4981.11*14.83*12*CIGNA001072~CAS*CO*45*2057.33*1~SVC*HC:22551*7038.44*4981.11****1~DTM*472*20241228~CAS*CO*45*2057.33*1~CLP*CLM001073*1*7338.05*5286.93*25.39*12*CIGNA001073~CAS*CO*45*2051.12*1~SVC*HC:22551*7338.05*5286.93****1~DTM*472*20241221~CAS*CO*45*2051.12*1~CLP*CLM001074*1*937.17*636.31*19.46*12*CIGNA001074~CAS*CO*45*300.86*1~SVC*HC:93350*937.17*636.31****1~DTM*472*20241211~CAS*CO*45*300.86*1~CLP*CLM001075*1*892.48*712.70*35.91*12*CIGNA001075~CAS*CO*45*179.78*1~SVC*HC:93350*892.48*712.70****1~DTM*472*20241207~CAS*CO*45*179.78*1~CLP*CLM001076*1*944.17*646.29*21.73*12*CIGNA001076~CAS*CO*45*297.88*1~SVC*HC:93350*944.17*646.29****1~DTM*472*20241214~CAS*CO*45*297.88*1~CLP*CLM001077*1*946.31*645.56*36.26*12*CIGNA001077~CAS*CO*45*300.75*1~SVC*HC:93350*946.31*645.56****1~DTM*472*20241228~CAS*CO*45*300.75*1~CLP*CLM001078*1*943.34*726.05*20.68*12*CIGNA001078~CAS*CO*45*217.29*1~SVC*HC:93350*943.34*726.05****1~DTM*472*20241228~CAS*CO*45*217.29*1~CLP*CLM001079*1*890.75*718.73*12.56*12*CIGNA001079~CAS*CO*45*172.02*1~SVC*HC:93350*890.75*718.73****1~DTM*472*20241221~CAS*CO*45*172.02*1~CLP*CLM001080*1*1003.18*734.32*31.85*12*CIGNA001080~CAS*CO*45*268.86*1~SVC*HC:93350*1003.18*734.32****1~DTM*472*20241203~CAS*CO*45*268.86*1~CLP*CLM001081*1*1005.11*726.39*30.82*12*CIGNA001081~CAS*CO*45*278.72*1~SVC*HC:93350*1005.11*726.39****1~DTM*472*20241206~CAS*CO*45*278.72*1~CLP*CLM001082*1*2931.23*2068.56*30.77*12*CIGNA001082~CAS*CO*45*862.67*1~SVC*HC:75574*2931.23*2068.56****1~DTM*472*20241228~CAS*CO*45*862.67*1~CLP*CLM001083*1*2732.38*2066.75*23.96*12*CIGNA001083~CAS*CO*45*665.63*1~SVC*HC:75574*2732.38*2066.75****1~DTM*472*20241213~CAS*CO*45*665.63*1~CLP*CLM001084*1*2888.45*1932.72*29.10*12*CIGNA001084~CAS*CO*45*955.73*1~SVC*HC:75574*2888.45*1932.72****1~DTM*472*20241230~CAS*CO*45*955.73*1~CLP*CLM001085*1*2918.84*2195.45*21.46*12*CIGNA001085~CAS*CO*45*723.39*1~SVC*HC:75574*2918.84*2195.45****1~DTM*472*20241214~CAS*CO*45*723.39*1~CLP*CLM001086*1*3048.43*2166.05*14.08*12*CIGNA001086~CAS*CO*45*882.38*1~SVC*HC:75574*3048.43*2166.05****1~DTM*472*20241226~CAS*CO*45*882.38*1~CLP*CLM001087*1*3042.74*2118.74*25.86*12*CIGNA001087~CAS*CO*45*924.00*1~SVC*HC:75574*3042.74*2118.74****1~DTM*472*20241205~CAS*CO*45*924.00*1~CLP*CLM001088*1*374.29*266.11*17.95*12*CIGNA001088~CAS*CO*45*108.18*1~SVC*HC:20610*374.29*266.11****1~DTM*472*20241202~CAS*CO*45*108.18*1~CLP*CLM001089*1*394.65*283.55*23.24*12*CIGNA001089~CAS*CO*45*111.10*1~SVC*HC:20610*394.65*283.55****1~DTM*472*20241224~CAS*CO*45*111.10*1~CLP*CLM001090*1*363.78*271.65*17.80*12*CIGNA001090~CAS*CO*45*92.13*1~SVC*HC:20610*363.78*271.65****1~DTM*472*20241216~CAS*CO*45*92.13*1~CLP*CLM001091*1*414.12*280.13*19.21*12*CIGNA001091~CAS*CO*45*133.99*1~SVC*HC:20610*414.12*280.13****1~DTM*472*20241206~CAS*CO*45*133.99*1~CLP*CLM001092*1*392.49*260.15*33.21*12*CIGNA001092~CAS*CO*45*132.34*1~SVC*HC:20610*392.49*260.15****1~DTM*472*20241228~CAS*CO*45*132.34*1~CLP*CLM001093*1*397.96*265.92*20.94*12*CIGNA001093~CAS*CO*45*132.04*1~SVC*HC:20610*397.96*265.92****1~DTM*472*20241222~CAS*CO*45*132.04*1~CLP*CLM001094*1*385.96*296.21*26.95*12*CIGNA001094~CAS*CO*45*89.75*1~SVC*HC:20610*385.96*296.21****1~DTM*472*20241231~CAS*CO*45*89.75*1~CLP*CLM001095*1*376.08*297.48*26.65*12*CIGNA001095~CAS*CO*45*78.60*1~SVC*HC:20610*376.08*297.48****1~DTM*472*20241220~CAS*CO*45*78.60*1~CLP*CLM001096*1*365.78*259.38*24.63*12*CIGNA001096~CAS*CO*45*106.40*1~SVC*HC:20610*365.78*259.38****1~DTM*472*20241222~CAS*CO*45*106.40*1~CLP*CLM001097*1*393.43*283.75*21.09*12*CIGNA001097~CAS*CO*45*109.68*1~SVC*HC:20610*393.43*283.75****1~DTM*472*20241230~CAS*CO*45*109.68*1~CLP*CLM001098*1*402.65*269.28*29.56*12*CIGNA001098~CAS*CO*45*133.37*1~SVC*HC:20610*402.65*269.28****1~DTM*472*20241211~CAS*CO*45*133.37*1~CLP*CLM001099*1*385.46*268.29*13.71*12*CIGNA001099~CAS*CO*45*117.17*1~SVC*HC:20610*385.46*268.29****1~DTM*472*20241222~CAS*CO*45*117.17*1~CLP*CLM001100*1*389.32*286.52*14.99*12*CIGNA001100~CAS*CO*45*102.80*1~SVC*HC:20610*389.32*286.52****1~DTM*472*20241230~CAS*CO*45*102.80*1~CLP*CLM001101*1*365.19*291.28*32.10*12*CIGNA001101~CAS*CO*45*73.91*1~SVC*HC:20610*365.19*291.28****1~DTM*472*20241215~CAS*CO*45*73.91*1~CLP*CLM001102*1*395.95*285.43*23.99*12*CIGNA001102~CAS*CO*45*110.52*1~SVC*HC:20610*395.95*285.43****1~DTM*472*20241204~CAS*CO*45*110.52*1~CLP*CLM001103*1*374.01*260.88*15.61*12*CIGNA001103~CAS*CO*45*113.13*1~SVC*HC:20610*374.01*260.88****1~DTM*472*20241209~CAS*CO*45*113.13*1~CLP*CLM001104*1*200.75*137.12*33.94*12*CIGNA001104~CAS*CO*45*63.63*1~SVC*HC:99214*200.75*137.12****1~DTM*472*20241203~CAS*CO*45*63.63*1~CLP*CLM001105*1*201.60*159.23*23.53*12*CIGNA001105~CAS*CO*45*42.37*1~SVC*HC:99214*201.60*159.23****1~DTM*472*20241206~CAS*CO*45*42.37*1~CLP*CLM001106*1*208.79*146.17*12.52*12*CIGNA001106~CAS*CO*45*62.62*1~SVC*HC:99214*208.79*146.17****1~DTM*472*20241210~CAS*CO*45*62.62*1~CLP*CLM001107*1*227.17*151.31*36.45*12*CIGNA001107~CAS*CO*45*75.86*1~SVC*HC:99214*227.17*151.31****1~DTM*472*20241221~CAS*CO*45*75.86*1~CLP*CLM001108*1*213.95*148.86*17.56*12*CIGNA001108~CAS*CO*45*65.09*1~SVC*HC:99214*213.95*148.86****1~DTM*472*20241218~CAS*CO*45*65.09*1~CLP*CLM001109*1*213.76*142.06*29.71*12*CIGNA001109~CAS*CO*45*71.70*1~SVC*HC:99214*213.76*142.06****1~DTM*472*20241231~CAS*CO*45*71.70*1~CLP*CLM001110*1*197.25*159.19*15.80*12*CIGNA001110~CAS*CO*45*38.06*1~SVC*HC:99214*197.25*159.19****1~DTM*472*20241229~CAS*CO*45*38.06*1~CLP*CLM001111*1*209.20*136.37*28.75*12*CIGNA001111~CAS*CO*45*72.83*1~SVC*HC:99214*209.20*136.37****1~DTM*472*20241209~CAS*CO*45*72.83*1~CLP*CLM001112*1*195.02*141.54*16.47*12*CIGNA001112~CAS*CO*45*53.48*1~SVC*HC:99214*195.02*141.54****1~DTM*472*20241211~CAS*CO*45*53.48*1~CLP*CLM001113*1*212.56*139.23*35.82*12*CIGNA001113~CAS*CO*45*73.33*1~SVC*HC:99214*212.56*139.23****1~DTM*472*20241209~CAS*CO*45*73.33*1~CLP*CLM001114*1*196.70*148.16*19.35*12*CIGNA001114~CAS*CO*45*48.54*1~SVC*HC:99214*196.70*148.16****1~DTM*472*20241230~CAS*CO*45*48.54*1~CLP*CLM001115*1*190.12*158.24*28.86*12*CIGNA001115~CAS*CO*45*31.88*1~SVC*HC:99214*190.12*158.24****1~DTM*472*20241214~CAS*CO*45*31.88*1~CLP*CLM001116*1*188.13*157.75*18.76*12*CIGNA001116~CAS*CO*45*30.38*1~SVC*HC:99214*188.13*157.75****1~DTM*472*20241211~CAS*CO*45*30.38*1~CLP*CLM001117*1*212.68*156.03*21.80*12*CIGNA001117~CAS*CO*45*56.65*1~SVC*HC:99214*212.68*156.03****1~DTM*472*20241209~CAS*CO*45*56.65*1~CLP*CLM001118*1*204.59*137.98*35.10*12*CIGNA001118~CAS*CO*45*66.61*1~SVC*HC:99214*204.59*137.98****1~DTM*472*20241223~CAS*CO*45*66.61*1~CLP*CLM001119*1*186.70*145.86*16.64*12*CIGNA001119~CAS*CO*45*40.84*1~SVC*HC:99214*186.70*145.86****1~DTM*472*20241203~CAS*CO*45*40.84*1~CLP*CLM001120*1*214.91*161.17*22.41*12*CIGNA001120~CAS*CO*45*53.74*1~SVC*HC:99214*214.91*161.17****1~DTM*472*20241205~CAS*CO*45*53.74*1~CLP*CLM001121*1*220.85*149.35*20.14*12*CIGNA001121~CAS*CO*45*71.50*1~SVC*HC:99214*220.85*149.35****1~DTM*472*20241219~CAS*CO*45*71.50*1~CLP*CLM001122*1*204.09*149.55*29.99*12*CIGNA001122~CAS*CO*45*54.54*1~SVC*HC:99214*204.09*149.55****1~DTM*472*20241202~CAS*CO*45*54.54*1~CLP*CLM001123*1*223.52*142.32*18.35*12*CIGNA001123~CAS*CO*45*81.20*1~SVC*HC:99214*223.52*142.32****1~DTM*472*20241226~CAS*CO*45*81.20*1~CLP*CLM001124*1*187.95*161.98*28.89*12*CIGNA001124~CAS*CO*45*25.97*1~SVC*HC:99214*187.95*161.98****1~DTM*472*20241212~CAS*CO*45*25.97*1~CLP*CLM001125*1*196.63*139.42*30.09*12*CIGNA001125~CAS*CO*45*57.21*1~SVC*HC:99214*196.63*139.42****1~DTM*472*20241204~CAS*CO*45*57.21*1~CLP*CLM001126*1*209.48*143.67*12.53*12*CIGNA001126~CAS*CO*45*65.81*1~SVC*HC:99214*209.48*143.67****1~DTM*472*20241228~CAS*CO*45*65.81*1~CLP*CLM001127*1*212.00*145.23*24.42*12*CIGNA001127~CAS*CO*45*66.77*1~SVC*HC:99214*212.00*145.23****1~DTM*472*20241205~CAS*CO*45*66.77*1~CLP*CLM001128*1*196.10*160.60*15.82*12*CIGNA001128~CAS*CO*45*35.50*1~SVC*HC:99214*196.10*160.60****1~DTM*472*20241206~CAS*CO*45*35.50*1~CLP*CLM001129*1*219.87*162.10*18.15*12*CIGNA001129~CAS*CO*45*57.77*1~SVC*HC:99214*219.87*162.10****1~DTM*472*20241229~CAS*CO*45*57.77*1~CLP*CLM001130*1*193.73*145.40*29.50*12*CIGNA001130~CAS*CO*45*48.33*1~SVC*HC:99214*193.73*145.40****1~DTM*472*20241230~CAS*CO*45*48.33*1~CLP*CLM001131*1*224.84*143.03*12.73*12*CIGNA001131~CAS*CO*45*81.81*1~SVC*HC:99214*224.84*143.03****1~DTM*472*20241226~CAS*CO*45*81.81*1~CLP*CLM001132*1*216.73*153.03*29.89*12*CIGNA001132~CAS*CO*45*63.70*1~SVC*HC:99214*216.73*153.03****1~DTM*472*20241208~CAS*CO*45*63.70*1~CLP*CLM001133*1*218.90*141.10*32.93*12*CIGNA001133~CAS*CO*45*77.80*1~SVC*HC:99214*218.90*141.10****1~DTM*472*20241204~CAS*CO*45*77.80*1~CLP*CLM001134*1*187.90*144.52*37.20*12*CIGNA001134~CAS*CO*45*43.38*1~SVC*HC:99214*187.90*144.52****1~DTM*472*20241216~CAS*CO*45*43.38*1~CLP*CLM001135*1*220.11*139.78*23.06*12*CIGNA001135~CAS*CO*45*80.33*1~SVC*HC:99214*220.11*139.78****1~DTM*472*20241215~CAS*CO*45*80.33*1~CLP*CLM001136*1*220.27*143.55*15.80*12*CIGNA001136~CAS*CO*45*76.72*1~SVC*HC:99214*220.27*143.55****1~DTM*472*20241228~CAS*CO*45*76.72*1~CLP*CLM001137*1*187.28*139.94*14.27*12*CIGNA001137~CAS*CO*45*47.34*1~SVC*HC:99214*187.28*139.94****1~DTM*472*20241207~CAS*CO*45*47.34*1~CLP*CLM001138*1*197.83*144.99*22.08*12*CIGNA001138~CAS*CO*45*52.84*1~SVC*HC:99214*197.83*144.99****1~DTM*472*20241203~CAS*CO*45*52.84*1~CLP*CLM001139*1*197.86*161.82*30.77*12*CIGNA001139~CAS*CO*45*36.04*1~SVC*HC:99214*197.86*161.82****1~DTM*472*20241221~CAS*CO*45*36.04*1~CLP*CLM001140*1*214.43*148.28*15.06*12*CIGNA001140~CAS*CO*45*66.15*1~SVC*HC:99214*214.43*148.28****1~DTM*472*20241227~CAS*CO*45*66.15*1~CLP*CLM001141*1*225.18*149.07*20.33*12*CIGNA001141~CAS*CO*45*76.11*1~SVC*HC:99214*225.18*149.07****1~DTM*472*20241204~CAS*CO*45*76.11*1~CLP*CLM001142*1*197.11*159.16*34.52*12*CIGNA001142~CAS*CO*45*37.95*1~SVC*HC:99214*197.11*159.16****1~DTM*472*20241219~CAS*CO*45*37.95*1~CLP*CLM001143*1*197.29*161.69*15.93*12*CIGNA001143~CAS*CO*45*35.60*1~SVC*HC:99214*197.29*161.69****1~DTM*472*20241204~CAS*CO*45*35.60*1~CLP*CLM001144*1*200.61*150.86*31.84*12*CIGNA001144~CAS*CO*45*49.75*1~SVC*HC:99214*200.61*150.86****1~DTM*472*20241226~CAS*CO*45*49.75*1~CLP*CLM001145*1*211.40*142.48*31.33*12*CIGNA001145~CAS*CO*45*68.92*1~SVC*HC:99214*211.40*142.48****1~DTM*472*20241217~CAS*CO*45*68.92*1~CLP*CLM001146*1*223.54*136.62*15.83*12*CIGNA001146~CAS*CO*45*86.92*1~SVC*HC:99214*223.54*136.62****1~DTM*472*20241207~CAS*CO*45*86.92*1~CLP*CLM001147*1*215.64*140.74*37.32*12*CIGNA001147~CAS*CO*45*74.90*1~SVC*HC:99214*215.64*140.74****1~DTM*472*20241201~CAS*CO*45*74.90*1~CLP*CLM001148*1*219.69*148.59*16.07*12*CIGNA001148~CAS*CO*45*71.10*1~SVC*HC:99214*219.69*148.59****1~DTM*472*20241222~CAS*CO*45*71.10*1~CLP*CLM001149*1*217.02*154.50*25.76*12*CIGNA001149~CAS*CO*45*62.52*1~SVC*HC:99214*217.02*154.50****1~DTM*472*20241222~CAS*CO*45*62.52*1~CLP*CLM001150*1*204.16*139.03*12.71*12*CIGNA001150~CAS*CO*45*65.13*1~SVC*HC:99214*204.16*139.03****1~DTM*472*20241231~CAS*CO*45*65.13*1~CLP*CLM001151*1*199.97*152.86*28.75*12*CIGNA001151~CAS*CO*45*47.11*1~SVC*HC:99214*199.97*152.86****1~DTM*472*20241211~CAS*CO*45*47.11*1~CLP*CLM001152*1*191.46*152.84*23.50*12*CIGNA001152~CAS*CO*45*38.62*1~SVC*HC:99214*191.46*152.84****1~DTM*472*20241229~CAS*CO*45*38.62*1~CLP*CLM001153*1*199.10*142.09*30.56*12*CIGNA001153~CAS*CO*45*57.01*1~SVC*HC:99214*199.10*142.09****1~DTM*472*20241214~CAS*CO*45*57.01*1~CLP*CLM001154*1*215.16*142.86*28.20*12*CIGNA001154~CAS*CO*45*72.30*1~SVC*HC:99214*215.16*142.86****1~DTM*472*20241218~CAS*CO*45*72.30*1~CLP*CLM001155*1*203.71*136.97*16.28*12*CIGNA001155~CAS*CO*45*66.74*1~SVC*HC:99214*203.71*136.97****1~DTM*472*20241231~CAS*CO*45*66.74*1~CLP*CLM001156*1*217.27*144.42*22.79*12*CIGNA001156~CAS*CO*45*72.85*1~SVC*HC:99214*217.27*144.42****1~DTM*472*20241206~CAS*CO*45*72.85*1~CLP*CLM001157*1*198.76*151.42*29.66*12*CIGNA001157~CAS*CO*45*47.34*1~SVC*HC:99214*198.76*151.42****1~DTM*472*20241218~CAS*CO*45*47.34*1~CLP*CLM001158*1*198.88*157.88*34.00*12*CIGNA001158~CAS*CO*45*41.00*1~SVC*HC:99214*198.88*157.88****1~DTM*472*20241207~CAS*CO*45*41.00*1~CLP*CLM001159*1*210.31*145.92*14.67*12*CIGNA001159~CAS*CO*45*64.39*1~SVC*HC:99214*210.31*145.92****1~DTM*472*20241221~CAS*CO*45*64.39*1~CLP*CLM001160*1*204.59*142.74*15.01*12*CIGNA001160~CAS*CO*45*61.85*1~SVC*HC:99214*204.59*142.74****1~DTM*472*20241222~CAS*CO*45*61.85*1~CLP*CLM001161*1*205.89*139.53*31.31*12*CIGNA001161~CAS*CO*45*66.36*1~SVC*HC:99214*205.89*139.53****1~DTM*472*20241229~CAS*CO*45*66.36*1~CLP*CLM001162*1*216.77*161.61*27.24*12*CIGNA001162~CAS*CO*45*55.16*1~SVC*HC:99214*216.77*161.61****1~DTM*472*20241222~CAS*CO*45*55.16*1~CLP*CLM001163*1*207.64*135.71*22.10*12*CIGNA001163~CAS*CO*45*71.93*1~SVC*HC:99214*207.64*135.71****1~DTM*472*20241221~CAS*CO*45*71.93*1~CLP*CLM001164*1*190.17*151.53*36.58*12*CIGNA001164~CAS*CO*45*38.64*1~SVC*HC:99214*190.17*151.53****1~DTM*472*20241231~CAS*CO*45*38.64*1~CLP*CLM001165*1*214.15*155.43*20.36*12*CIGNA001165~CAS*CO*45*58.72*1~SVC*HC:99214*214.15*155.43****1~DTM*472*20241208~CAS*CO*45*58.72*1~CLP*CLM001166*1*192.40*157.07*16.00*12*CIGNA001166~CAS*CO*45*35.33*1~SVC*HC:99214*192.40*157.07****1~DTM*472*20241202~CAS*CO*45*35.33*1~CLP*CLM001167*1*205.97*140.45*19.42*12*CIGNA001167~CAS*CO*45*65.52*1~SVC*HC:99214*205.97*140.45****1~DTM*472*20241228~CAS*CO*45*65.52*1~CLP*CLM001168*1*205.15*155.95*14.61*12*CIGNA001168~CAS*CO*45*49.20*1~SVC*HC:99214*205.15*155.95****1~DTM*472*20241229~CAS*CO*45*49.20*1~CLP*CLM001169*1*194.35*151.84*26.33*12*CIGNA001169~CAS*CO*45*42.51*1~SVC*HC:99214*194.35*151.84****1~DTM*472*20241223~CAS*CO*45*42.51*1~CLP*CLM001170*1*202.85*144.57*27.50*12*CIGNA001170~CAS*CO*45*58.28*1~SVC*HC:99214*202.85*144.57****1~DTM*472*20241205~CAS*CO*45*58.28*1~CLP*CLM001171*1*186.53*152.62*27.69*12*CIGNA001171~CAS*CO*45*33.91*1~SVC*HC:99214*186.53*152.62****1~DTM*472*20241225~CAS*CO*45*33.91*1~CLP*CLM001172*1*222.96*158.67*31.97*12*CIGNA001172~CAS*CO*45*64.29*1~SVC*HC:99214*222.96*158.67****1~DTM*472*20241225~CAS*CO*45*64.29*1~CLP*CLM001173*1*193.58*145.78*29.76*12*CIGNA001173~CAS*CO*45*47.80*1~SVC*HC:99214*193.58*145.78****1~DTM*472*20241231~CAS*CO*45*47.80*1~CLP*CLM001174*1*205.53*153.80*33.70*12*CIGNA001174~CAS*CO*45*51.73*1~SVC*HC:99214*205.53*153.80****1~DTM*472*20241218~CAS*CO*45*51.73*1~CLP*CLM001175*1*221.42*140.58*28.96*12*CIGNA001175~CAS*CO*45*80.84*1~SVC*HC:99214*221.42*140.58****1~DTM*472*20241215~CAS*CO*45*80.84*1~CLP*CLM001176*1*205.54*137.15*20.04*12*CIGNA001176~CAS*CO*45*68.39*1~SVC*HC:99214*205.54*137.15****1~DTM*472*20241217~CAS*CO*45*68.39*1~CLP*CLM001177*1*210.95*162.44*25.44*12*CIGNA001177~CAS*CO*45*48.51*1~SVC*HC:99214*210.95*162.44****1~DTM*472*20241231~CAS*CO*45*48.51*1~CLP*CLM001178*1*204.62*155.56*25.24*12*CIGNA001178~CAS*CO*45*49.06*1~SVC*HC:99214*204.62*155.56****1~DTM*472*20241227~CAS*CO*45*49.06*1~CLP*CLM001179*1*207.20*154.49*31.20*12*CIGNA001179~CAS*CO*45*52.71*1~SVC*HC:99214*207.20*154.49****1~DTM*472*20241227~CAS*CO*45*52.71*1~CLP*CLM001180*1*204.76*160.04*19.89*12*CIGNA001180~CAS*CO*45*44.72*1~SVC*HC:99214*204.76*160.04****1~DTM*472*20241206~CAS*CO*45*44.72*1~CLP*CLM001181*1*205.95*155.21*13.86*12*CIGNA001181~CAS*CO*45*50.74*1~SVC*HC:99214*205.95*155.21****1~DTM*472*20241209~CAS*CO*45*50.74*1~CLP*CLM001182*1*221.07*155.45*34.95*12*CIGNA001182~CAS*CO*45*65.62*1~SVC*HC:99214*221.07*155.45****1~DTM*472*20241209~CAS*CO*45*65.62*1~CLP*CLM001183*1*207.88*155.87*36.37*12*CIGNA001183~CAS*CO*45*52.01*1~SVC*HC:99214*207.88*155.87****1~DTM*472*20241221~CAS*CO*45*52.01*1~CLP*CLM001184*1*204.51*140.28*24.87*12*CIGNA001184~CAS*CO*45*64.23*1~SVC*HC:99214*204.51*140.28****1~DTM*472*20241223~CAS*CO*45*64.23*1~CLP*CLM001185*1*197.55*141.66*15.32*12*CIGNA001185~CAS*CO*45*55.89*1~SVC*HC:99214*197.55*141.66****1~DTM*472*20241211~CAS*CO*45*55.89*1~CLP*CLM001186*1*189.64*159.63*24.99*12*CIGNA001186~CAS*CO*45*30.01*1~SVC*HC:99214*189.64*159.63****1~DTM*472*20241205~CAS*CO*45*30.01*1~CLP*CLM001187*1*215.03*140.05*27.35*12*CIGNA001187~CAS*CO*45*74.98*1~SVC*HC:99214*215.03*140.05****1~DTM*472*20241223~CAS*CO*45*74.98*1~CLP*CLM001188*1*203.48*139.53*25.71*12*CIGNA001188~CAS*CO*45*63.95*1~SVC*HC:99214*203.48*139.53****1~DTM*472*20241211~CAS*CO*45*63.95*1~CLP*CLM001189*1*203.51*149.26*36.94*12*CIGNA001189~CAS*CO*45*54.25*1~SVC*HC:99214*203.51*149.26****1~DTM*472*20241207~CAS*CO*45*54.25*1~CLP*CLM001190*1*202.42*157.85*37.17*12*CIGNA001190~CAS*CO*45*44.57*1~SVC*HC:99214*202.42*157.85****1~DTM*472*20241225~CAS*CO*45*44.57*1~CLP*CLM001191*1*215.09*150.49*35.85*12*CIGNA001191~CAS*CO*45*64.60*1~SVC*HC:99214*215.09*150.49****1~DTM*472*20241228~CAS*CO*45*64.60*1~CLP*CLM001192*1*210.13*159.27*15.80*12*CIGNA001192~CAS*CO*45*50.86*1~SVC*HC:99214*210.13*159.27****1~DTM*472*20241216~CAS*CO*45*50.86*1~CLP*CLM001193*1*200.86*133.37*34.02*12*CIGNA001193~CAS*CO*45*67.49*1~SVC*HC:99214*200.86*133.37****1~DTM*472*20241225~CAS*CO*45*67.49*1~CLP*CLM001194*1*223.21*144.74*26.71*12*CIGNA001194~CAS*CO*45*78.47*1~SVC*HC:99214*223.21*144.74****1~DTM*472*20241227~CAS*CO*45*78.47*1~CLP*CLM001195*1*217.25*145.60*21.64*12*CIGNA001195~CAS*CO*45*71.65*1~SVC*HC:99214*217.25*145.60****1~DTM*472*20241218~CAS*CO*45*71.65*1~CLP*CLM001196*1*223.47*156.88*29.57*12*CIGNA001196~CAS*CO*45*66.59*1~SVC*HC:99214*223.47*156.88****1~DTM*472*20241216~CAS*CO*45*66.59*1~CLP*CLM001197*1*204.34*139.69*31.57*12*CIGNA001197~CAS*CO*45*64.65*1~SVC*HC:99214*204.34*139.69****1~DTM*472*20241201~CAS*CO*45*64.65*1~CLP*CLM001198*1*213.99*144.71*36.36*12*CIGNA001198~CAS*CO*45*69.28*1~SVC*HC:99214*213.99*144.71****1~DTM*472*20241226~CAS*CO*45*69.28*1~CLP*CLM001199*1*193.13*145.17*31.76*12*CIGNA001199~CAS*CO*45*47.96*1~SVC*HC:99214*193.13*145.17****1~DTM*472*20241215~CAS*CO*45*47.96*1~CLP*CLM001200*1*226.90*160.42*12.92*12*CIGNA001200~CAS*CO*45*66.48*1~SVC*HC:99214*226.90*160.42****1~DTM*472*20241218~CAS*CO*45*66.48*1~CLP*CLM001201*1*202.61*134.00*14.19*12*CIGNA001201~CAS*CO*45*68.61*1~SVC*HC:99214*202.61*134.00****1~DTM*472*20241219~CAS*CO*45*68.61*1~CLP*CLM001202*1*189.78*152.82*19.05*12*CIGNA001202~CAS*CO*45*36.96*1~SVC*HC:99214*189.78*152.82****1~DTM*472*20241214~CAS*CO*45*36.96*1~CLP*CLM001203*1*205.41*137.22*13.50*12*CIGNA001203~CAS*CO*45*68.19*1~SVC*HC:99214*205.41*137.22****1~DTM*472*20241202~CAS*CO*45*68.19*1~CLP*CLM001204*1*199.85*140.90*14.01*12*CIGNA001204~CAS*CO*45*58.95*1~SVC*HC:99214*199.85*140.90****1~DTM*472*20241215~CAS*CO*45*58.95*1~CLP*CLM001205*1*217.81*142.87*32.23*12*CIGNA001205~CAS*CO*45*74.94*1~SVC*HC:99214*217.81*142.87****1~DTM*472*20241213~CAS*CO*45*74.94*1~CLP*CLM001206*1*225.68*141.44*25.17*12*CIGNA001206~CAS*CO*45*84.24*1~SVC*HC:99214*225.68*141.44****1~DTM*472*20241214~CAS*CO*45*84.24*1~CLP*CLM001207*1*189.69*140.67*28.21*12*CIGNA001207~CAS*CO*45*49.02*1~SVC*HC:99214*189.69*140.67****1~DTM*472*20241201~CAS*CO*45*49.02*1~CLP*CLM001208*1*188.46*155.37*25.03*12*CIGNA001208~CAS*CO*45*33.09*1~SVC*HC:99214*188.46*155.37****1~DTM*472*20241231~CAS*CO*45*33.09*1~CLP*CLM001209*1*213.22*143.56*22.89*12*CIGNA001209~CAS*CO*45*69.66*1~SVC*HC:99214*213.22*143.56****1~DTM*472*20241225~CAS*CO*45*69.66*1~CLP*CLM001210*1*187.97*161.54*30.05*12*CIGNA001210~CAS*CO*45*26.43*1~SVC*HC:99214*187.97*161.54****1~DTM*472*20241201~CAS*CO*45*26.43*1~CLP*CLM001211*1*194.55*161.31*14.56*12*CIGNA001211~CAS*CO*45*33.24*1~SVC*HC:99214*194.55*161.31****1~DTM*472*20241201~CAS*CO*45*33.24*1~CLP*CLM001212*1*196.18*151.59*25.91*12*CIGNA001212~CAS*CO*45*44.59*1~SVC*HC:99214*196.18*151.59****1~DTM*472*20241216~CAS*CO*45*44.59*1~CLP*CLM001213*1*209.65*153.02*27.90*12*CIGNA001213~CAS*CO*45*56.63*1~SVC*HC:99214*209.65*153.02****1~DTM*472*20241207~CAS*CO*45*56.63*1~CLP*CLM001214*1*196.91*146.97*19.44*12*CIGNA001214~CAS*CO*45*49.94*1~SVC*HC:99214*196.91*146.97****1~DTM*472*20241212~CAS*CO*45*49.94*1~CLP*CLM001215*1*211.44*138.17*20.25*12*CIGNA001215~CAS*CO*45*73.27*1~SVC*HC:99214*211.44*138.17****1~DTM*472*20241224~CAS*CO*45*73.27*1~CLP*CLM001216*1*218.50*154.46*25.28*12*CIGNA001216~CAS*CO*45*64.04*1~SVC*HC:99214*218.50*154.46****1~DTM*472*20241206~CAS*CO*45*64.04*1~CLP*CLM001217*1*190.78*161.76*17.58*12*CIGNA001217~CAS*CO*45*29.02*1~SVC*HC:99214*190.78*161.76****1~DTM*472*20241201~CAS*CO*45*29.02*1~CLP*CLM001218*1*210.14*160.70*32.70*12*CIGNA001218~CAS*CO*45*49.44*1~SVC*HC:99214*210.14*160.70****1~DTM*472*20241230~CAS*CO*45*49.44*1~CLP*CLM001219*1*202.72*161.56*25.91*12*CIGNA001219~CAS*CO*45*41.16*1~SVC*HC:99214*202.72*161.56****1~DTM*472*20241223~CAS*CO*45*41.16*1~CLP*CLM001220*1*210.81*139.07*22.27*12*CIGNA001220~CAS*CO*45*71.74*1~SVC*HC:99214*210.81*139.07****1~DTM*472*20241227~CAS*CO*45*71.74*1~CLP*CLM001221*1*190.52*151.77*28.36*12*CIGNA001221~CAS*CO*45*38.75*1~SVC*HC:99214*190.52*151.77****1~DTM*472*20241225~CAS*CO*45*38.75*1~CLP*CLM001222*1*214.63*142.13*33.36*12*CIGNA001222~CAS*CO*45*72.50*1~SVC*HC:99214*214.63*142.13****1~DTM*472*20241226~CAS*CO*45*72.50*1~CLP*CLM001223*1*227.03*136.78*29.53*12*CIGNA001223~CAS*CO*45*90.25*1~SVC*HC:99214*227.03*136.78****1~DTM*472*20241226~CAS*CO*45*90.25*1~CLP*CLM001224*1*147.96*95.36*14.15*12*CIGNA001224~CAS*CO*45*52.60*1~SVC*HC:99213*147.96*95.36****1~DTM*472*20241222~CAS*CO*45*52.60*1~CLP*CLM001225*1*147.18*102.28*29.97*12*CIGNA001225~CAS*CO*45*44.90*1~SVC*HC:99213*147.18*102.28****1~DTM*472*20241211~CAS*CO*45*44.90*1~CLP*CLM001226*1*144.65*94.77*30.75*12*CIGNA001226~CAS*CO*45*49.88*1~SVC*HC:99213*144.65*94.77****1~DTM*472*20241216~CAS*CO*45*49.88*1~CLP*CLM001227*1*160.55*96.72*33.66*12*CIGNA001227~CAS*CO*45*63.83*1~SVC*HC:99213*160.55*96.72****1~DTM*472*20241221~CAS*CO*45*63.83*1~CLP*CLM001228*1*145.82*113.22*13.95*12*CIGNA001228~CAS*CO*45*32.60*1~SVC*HC:99213*145.82*113.22****1~DTM*472*20241205~CAS*CO*45*32.60*1~CLP*CLM001229*1*153.87*103.65*14.66*12*CIGNA001229~CAS*CO*45*50.22*1~SVC*HC:99213*153.87*103.65****1~DTM*472*20241231~CAS*CO*45*50.22*1~CLP*CLM001230*1*150.41*108.16*23.36*12*CIGNA001230~CAS*CO*45*42.25*1~SVC*HC:99213*150.41*108.16****1~DTM*472*20241230~CAS*CO*45*42.25*1~CLP*CLM001231*1*146.51*105.80*23.83*12*CIGNA001231~CAS*CO*45*40.71*1~SVC*HC:99213*146.51*105.80****1~DTM*472*20241214~CAS*CO*45*40.71*1~CLP*CLM001232*1*149.72*111.84*27.72*12*CIGNA001232~CAS*CO*45*37.88*1~SVC*HC:99213*149.72*111.84****1~DTM*472*20241211~CAS*CO*45*37.88*1~CLP*CLM001233*1*156.72*112.39*20.23*12*CIGNA001233~CAS*CO*45*44.33*1~SVC*HC:99213*156.72*112.39****1~DTM*472*20241203~CAS*CO*45*44.33*1~CLP*CLM001234*1*145.55*100.36*31.04*12*CIGNA001234~CAS*CO*45*45.19*1~SVC*HC:99213*145.55*100.36****1~DTM*472*20241225~CAS*CO*45*45.19*1~CLP*CLM001235*1*150.24*104.26*31.02*12*CIGNA001235~CAS*CO*45*45.98*1~SVC*HC:99213*150.24*104.26****1~DTM*472*20241213~CAS*CO*45*45.98*1~CLP*CLM001236*1*146.83*101.56*15.49*12*CIGNA001236~CAS*CO*45*45.27*1~SVC*HC:99213*146.83*101.56****1~DTM*472*20241211~CAS*CO*45*45.27*1~CLP*CLM001237*1*138.54*98.32*30.20*12*CIGNA001237~CAS*CO*45*40.22*1~SVC*HC:99213*138.54*98.32****1~DTM*472*20241226~CAS*CO*45*40.22*1~CLP*CLM001238*1*140.52*99.93*30.04*12*CIGNA001238~CAS*CO*45*40.59*1~SVC*HC:99213*140.52*99.93****1~DTM*472*20241220~CAS*CO*45*40.59*1~CLP*CLM001239*1*140.42*109.22*16.60*12*CIGNA001239~CAS*CO*45*31.20*1~SVC*HC:99213*140.42*109.22****1~DTM*472*20241201~CAS*CO*45*31.20*1~CLP*CLM001240*1*137.92*105.35*36.33*12*CIGNA001240~CAS*CO*45*32.57*1~SVC*HC:99213*137.92*105.35****1~DTM*472*20241208~CAS*CO*45*32.57*1~CLP*CLM001241*1*146.66*109.62*25.58*12*CIGNA001241~CAS*CO*45*37.04*1~SVC*HC:99213*146.66*109.62****1~DTM*472*20241225~CAS*CO*45*37.04*1~CLP*CLM001242*1*146.30*99.55*32.07*12*CIGNA001242~CAS*CO*45*46.75*1~SVC*HC:99213*146.30*99.55****1~DTM*472*20241223~CAS*CO*45*46.75*1~CLP*CLM001243*1*155.61*104.81*30.52*12*CIGNA001243~CAS*CO*45*50.80*1~SVC*HC:99213*155.61*104.81****1~DTM*472*20241203~CAS*CO*45*50.80*1~CLP*CLM001244*1*144.19*100.68*16.67*12*CIGNA001244~CAS*CO*45*43.51*1~SVC*HC:99213*144.19*100.68****1~DTM*472*20241208~CAS*CO*45*43.51*1~CLP*CLM001245*1*149.40*100.93*15.67*12*CIGNA001245~CAS*CO*45*48.47*1~SVC*HC:99213*149.40*100.93****1~DTM*472*20241216~CAS*CO*45*48.47*1~CLP*CLM001246*1*142.41*106.12*32.03*12*CIGNA001246~CAS*CO*45*36.29*1~SVC*HC:99213*142.41*106.12****1~DTM*472*20241224~CAS*CO*45*36.29*1~CLP*CLM001247*1*142.64*106.06*19.22*12*CIGNA001247~CAS*CO*45*36.58*1~SVC*HC:99213*142.64*106.06****1~DTM*472*20241215~CAS*CO*45*36.58*1~CLP*CLM001248*1*139.69*100.19*34.66*12*CIGNA001248~CAS*CO*45*39.50*1~SVC*HC:99213*139.69*100.19****1~DTM*472*20241204~CAS*CO*45*39.50*1~CLP*CLM001249*1*141.58*109.65*31.79*12*CIGNA001249~CAS*CO*45*31.93*1~SVC*HC:99213*141.58*109.65****1~DTM*472*20241224~CAS*CO*45*31.93*1~CLP*CLM001250*1*154.71*105.75*13.23*12*CIGNA001250~CAS*CO*45*48.96*1~SVC*HC:99213*154.71*105.75****1~DTM*472*20241206~CAS*CO*45*48.96*1~CLP*CLM001251*1*154.01*98.52*32.68*12*CIGNA001251~CAS*CO*45*55.49*1~SVC*HC:99213*154.01*98.52****1~DTM*472*20241209~CAS*CO*45*55.49*1~CLP*CLM001252*1*161.01*109.72*19.30*12*CIGNA001252~CAS*CO*45*51.29*1~SVC*HC:99213*161.01*109.72****1~DTM*472*20241217~CAS*CO*45*51.29*1~CLP*CLM001253*1*161.13*107.03*14.10*12*CIGNA001253~CAS*CO*45*54.10*1~SVC*HC:99213*161.13*107.03****1~DTM*472*20241227~CAS*CO*45*54.10*1~CLP*CLM001254*1*138.99*98.58*30.31*12*CIGNA001254~CAS*CO*45*40.41*1~SVC*HC:99213*138.99*98.58****1~DTM*472*20241206~CAS*CO*45*40.41*1~CLP*CLM001255*1*153.12*100.85*26.92*12*CIGNA001255~CAS*CO*45*52.27*1~SVC*HC:99213*153.12*100.85****1~DTM*472*20241205~CAS*CO*45*52.27*1~CLP*CLM001256*1*160.94*100.26*14.43*12*CIGNA001256~CAS*CO*45*60.68*1~SVC*HC:99213*160.94*100.26****1~DTM*472*20241218~CAS*CO*45*60.68*1~CLP*CLM001257*1*160.06*100.63*23.88*12*CIGNA001257~CAS*CO*45*59.43*1~SVC*HC:99213*160.06*100.63****1~DTM*472*20241221~CAS*CO*45*59.43*1~CLP*CLM001258*1*146.73*112.74*21.50*12*CIGNA001258~CAS*CO*45*33.99*1~SVC*HC:99213*146.73*112.74****1~DTM*472*20241228~CAS*CO*45*33.99*1~CLP*CLM001259*1*140.66*94.76*24.99*12*CIGNA001259~CAS*CO*45*45.90*1~SVC*HC:99213*140.66*94.76****1~DTM*472*20241216~CAS*CO*45*45.90*1~CLP*CLM001260*1*137.72*103.75*26.67*12*CIGNA001260~CAS*CO*45*33.97*1~SVC*HC:99213*137.72*103.75****1~DTM*472*20241202~CAS*CO*45*33.97*1~CLP*CLM001261*1*157.63*99.80*21.69*12*CIGNA001261~CAS*CO*45*57.83*1~SVC*HC:99213*157.63*99.80****1~DTM*472*20241204~CAS*CO*45*57.83*1~CLP*CLM001262*1*144.08*111.76*18.88*12*CIGNA001262~CAS*CO*45*32.32*1~SVC*HC:99213*144.08*111.76****1~DTM*472*20241203~CAS*CO*45*32.32*1~CLP*CLM001263*1*152.48*106.62*15.07*12*CIGNA001263~CAS*CO*45*45.86*1~SVC*HC:99213*152.48*106.62****1~DTM*472*20241205~CAS*CO*45*45.86*1~CLP*CLM001264*1*148.85*97.63*26.85*12*CIGNA001264~CAS*CO*45*51.22*1~SVC*HC:99213*148.85*97.63****1~DTM*472*20241210~CAS*CO*45*51.22*1~CLP*CLM001265*1*139.60*96.29*30.57*12*CIGNA001265~CAS*CO*45*43.31*1~SVC*HC:99213*139.60*96.29****1~DTM*472*20241218~CAS*CO*45*43.31*1~CLP*CLM001266*1*150.13*110.55*18.21*12*CIGNA001266~CAS*CO*45*39.58*1~SVC*HC:99213*150.13*110.55****1~DTM*472*20241226~CAS*CO*45*39.58*1~CLP*CLM001267*1*155.11*107.49*25.22*12*CIGNA001267~CAS*CO*45*47.62*1~SVC*HC:99213*155.11*107.49****1~DTM*472*20241213~CAS*CO*45*47.62*1~CLP*CLM001268*1*145.32*103.96*13.60*12*CIGNA001268~CAS*CO*45*41.36*1~SVC*HC:99213*145.32*103.96****1~DTM*472*20241228~CAS*CO*45*41.36*1~CLP*CLM001269*1*144.91*106.86*34.07*12*CIGNA001269~CAS*CO*45*38.05*1~SVC*HC:99213*144.91*106.86****1~DTM*472*20241219~CAS*CO*45*38.05*1~CLP*CLM001270*1*150.22*107.54*18.61*12*CIGNA001270~CAS*CO*45*42.68*1~SVC*HC:99213*150.22*107.54****1~DTM*472*20241224~CAS*CO*45*42.68*1~CLP*CLM001271*1*154.72*96.58*24.29*12*CIGNA001271~CAS*CO*45*58.14*1~SVC*HC:99213*154.72*96.58****1~DTM*472*20241221~CAS*CO*45*58.14*1~CLP*CLM001272*1*151.72*98.93*22.07*12*CIGNA001272~CAS*CO*45*52.79*1~SVC*HC:99213*151.72*98.93****1~DTM*472*20241206~CAS*CO*45*52.79*1~CLP*CLM001273*1*148.53*99.54*16.25*12*CIGNA001273~CAS*CO*45*48.99*1~SVC*HC:99213*148.53*99.54****1~DTM*472*20241206~CAS*CO*45*48.99*1~CLP*CLM001274*1*145.54*94.56*35.78*12*CIGNA001274~CAS*CO*45*50.98*1~SVC*HC:99213*145.54*94.56****1~DTM*472*20241220~CAS*CO*45*50.98*1~CLP*CLM001275*1*133.26*104.37*33.94*12*CIGNA001275~CAS*CO*45*28.89*1~SVC*HC:99213*133.26*104.37****1~DTM*472*20241210~CAS*CO*45*28.89*1~CLP*CLM001276*1*152.97*109.35*26.32*12*CIGNA001276~CAS*CO*45*43.62*1~SVC*HC:99213*152.97*109.35****1~DTM*472*20241215~CAS*CO*45*43.62*1~CLP*CLM001277*1*139.16*95.99*35.35*12*CIGNA001277~CAS*CO*45*43.17*1~SVC*HC:99213*139.16*95.99****1~DTM*472*20241209~CAS*CO*45*43.17*1~CLP*CLM001278*1*150.68*111.04*31.02*12*CIGNA001278~CAS*CO*45*39.64*1~SVC*HC:99213*150.68*111.04****1~DTM*472*20241222~CAS*CO*45*39.64*1~CLP*CLM001279*1*138.12*111.38*22.98*12*CIGNA001279~CAS*CO*45*26.74*1~SVC*HC:99213*138.12*111.38****1~DTM*472*20241204~CAS*CO*45*26.74*1~CLP*CLM001280*1*151.34*105.94*20.55*12*CIGNA001280~CAS*CO*45*45.40*1~SVC*HC:99213*151.34*105.94****1~DTM*472*20241230~CAS*CO*45*45.40*1~CLP*CLM001281*1*136.48*100.08*22.91*12*CIGNA001281~CAS*CO*45*36.40*1~SVC*HC:99213*136.48*100.08****1~DTM*472*20241202~CAS*CO*45*36.40*1~CLP*CLM001282*1*141.34*97.98*30.51*12*CIGNA001282~CAS*CO*45*43.36*1~SVC*HC:99213*141.34*97.98****1~DTM*472*20241224~CAS*CO*45*43.36*1~CLP*CLM001283*1*159.38*111.81*19.28*12*CIGNA001283~CAS*CO*45*47.57*1~SVC*HC:99213*159.38*111.81****1~DTM*472*20241215~CAS*CO*45*47.57*1~CLP*CLM001284*1*152.55*97.11*14.45*12*CIGNA001284~CAS*CO*45*55.44*1~SVC*HC:99213*152.55*97.11****1~DTM*472*20241223~CAS*CO*45*55.44*1~CLP*CLM001285*1*140.30*102.95*21.82*12*CIGNA001285~CAS*CO*45*37.35*1~SVC*HC:99213*140.30*102.95****1~DTM*472*20241218~CAS*CO*45*37.35*1~CLP*CLM001286*1*134.66*104.87*25.05*12*CIGNA001286~CAS*CO*45*29.79*1~SVC*HC:99213*134.66*104.87****1~DTM*472*20241202~CAS*CO*45*29.79*1~CLP*CLM001287*1*153.90*113.18*35.05*12*CIGNA001287~CAS*CO*45*40.72*1~SVC*HC:99213*153.90*113.18****1~DTM*472*20241220~CAS*CO*45*40.72*1~CLP*CLM001288*1*134.99*99.76*16.98*12*CIGNA001288~CAS*CO*45*35.23*1~SVC*HC:99213*134.99*99.76****1~DTM*472*20241231~CAS*CO*45*35.23*1~CLP*CLM001289*1*157.60*108.66*32.61*12*CIGNA001289~CAS*CO*45*48.94*1~SVC*HC:99213*157.60*108.66****1~DTM*472*20241219~CAS*CO*45*48.94*1~CLP*CLM001290*1*161.69*114.47*37.04*12*CIGNA001290~CAS*CO*45*47.22*1~SVC*HC:99213*161.69*114.47****1~DTM*472*20241222~CAS*CO*45*47.22*1~CLP*CLM001291*1*149.24*111.75*36.35*12*CIGNA001291~CAS*CO*45*37.49*1~SVC*HC:99213*149.24*111.75****1~DTM*472*20241225~CAS*CO*45*37.49*1~CLP*CLM001292*1*146.13*110.38*14.22*12*CIGNA001292~CAS*CO*45*35.75*1~SVC*HC:99213*146.13*110.38****1~DTM*472*20241221~CAS*CO*45*35.75*1~CLP*CLM001293*1*140.48*103.79*24.13*12*CIGNA001293~CAS*CO*45*36.69*1~SVC*HC:99213*140.48*103.79****1~DTM*472*20241219~CAS*CO*45*36.69*1~CLP*CLM001294*1*156.24*103.65*19.56*12*CIGNA001294~CAS*CO*45*52.59*1~SVC*HC:99213*156.24*103.65****1~DTM*472*20241203~CAS*CO*45*52.59*1~CLP*CLM001295*1*144.31*104.37*33.62*12*CIGNA001295~CAS*CO*45*39.94*1~SVC*HC:99213*144.31*104.37****1~DTM*472*20241211~CAS*CO*45*39.94*1~CLP*CLM001296*1*157.52*108.57*20.68*12*CIGNA001296~CAS*CO*45*48.95*1~SVC*HC:99213*157.52*108.57****1~DTM*472*20241211~CAS*CO*45*48.95*1~CLP*CLM001297*1*146.87*103.14*26.33*12*CIGNA001297~CAS*CO*45*43.73*1~SVC*HC:99213*146.87*103.14****1~DTM*472*20241222~CAS*CO*45*43.73*1~CLP*CLM001298*1*156.22*114.35*12.70*12*CIGNA001298~CAS*CO*45*41.87*1~SVC*HC:99213*156.22*114.35****1~DTM*472*20241218~CAS*CO*45*41.87*1~CLP*CLM001299*1*134.89*95.27*17.52*12*CIGNA001299~CAS*CO*45*39.62*1~SVC*HC:99213*134.89*95.27****1~DTM*472*20241209~CAS*CO*45*39.62*1~CLP*CLM001300*1*160.82*101.29*26.60*12*CIGNA001300~CAS*CO*45*59.53*1~SVC*HC:99213*160.82*101.29****1~DTM*472*20241213~CAS*CO*45*59.53*1~CLP*CLM001301*1*156.55*112.66*20.10*12*CIGNA001301~CAS*CO*45*43.89*1~SVC*HC:99213*156.55*112.66****1~DTM*472*20241201~CAS*CO*45*43.89*1~CLP*CLM001302*1*148.25*108.31*28.07*12*CIGNA001302~CAS*CO*45*39.94*1~SVC*HC:99213*148.25*108.31****1~DTM*472*20241214~CAS*CO*45*39.94*1~CLP*CLM001303*1*147.54*95.64*24.10*12*CIGNA001303~CAS*CO*45*51.90*1~SVC*HC:99213*147.54*95.64****1~DTM*472*20241220~CAS*CO*45*51.90*1~CLP*CLM001304*1*150.69*110.39*27.29*12*CIGNA001304~CAS*CO*45*40.30*1~SVC*HC:99213*150.69*110.39****1~DTM*472*20241225~CAS*CO*45*40.30*1~CLP*CLM001305*1*140.15*95.58*24.83*12*CIGNA001305~CAS*CO*45*44.57*1~SVC*HC:99213*140.15*95.58****1~DTM*472*20241205~CAS*CO*45*44.57*1~CLP*CLM001306*1*145.18*113.98*31.82*12*CIGNA001306~CAS*CO*45*31.20*1~SVC*HC:99213*145.18*113.98****1~DTM*472*20241223~CAS*CO*45*31.20*1~CLP*CLM001307*1*133.15*104.68*17.39*12*CIGNA001307~CAS*CO*45*28.47*1~SVC*HC:99213*133.15*104.68****1~DTM*472*20241221~CAS*CO*45*28.47*1~CLP*CLM001308*1*139.34*107.29*35.01*12*CIGNA001308~CAS*CO*45*32.05*1~SVC*HC:99213*139.34*107.29****1~DTM*472*20241206~CAS*CO*45*32.05*1~CLP*CLM001309*1*132.70*101.03*31.51*12*CIGNA001309~CAS*CO*45*31.67*1~SVC*HC:99213*132.70*101.03****1~DTM*472*20241214~CAS*CO*45*31.67*1~CLP*CLM001310*1*161.47*96.46*18.63*12*CIGNA001310~CAS*CO*45*65.01*1~SVC*HC:99213*161.47*96.46****1~DTM*472*20241230~CAS*CO*45*65.01*1~CLP*CLM001311*1*160.14*96.88*12.66*12*CIGNA001311~CAS*CO*45*63.26*1~SVC*HC:99213*160.14*96.88****1~DTM*472*20241221~CAS*CO*45*63.26*1~CLP*CLM001312*1*146.95*111.98*22.75*12*CIGNA001312~CAS*CO*45*34.97*1~SVC*HC:99213*146.95*111.98****1~DTM*472*20241223~CAS*CO*45*34.97*1~CLP*CLM001313*1*153.04*100.63*18.32*12*CIGNA001313~CAS*CO*45*52.41*1~SVC*HC:99213*153.04*100.63****1~DTM*472*20241214~CAS*CO*45*52.41*1~CLP*CLM001314*1*161.12*112.03*21.16*12*CIGNA001314~CAS*CO*45*49.09*1~SVC*HC:99213*161.12*112.03****1~DTM*472*20241208~CAS*CO*45*49.09*1~CLP*CLM001315*1*136.55*104.09*33.49*12*CIGNA001315~CAS*CO*45*32.46*1~SVC*HC:99213*136.55*104.09****1~DTM*472*20241207~CAS*CO*45*32.46*1~CLP*CLM001316*1*147.24*113.86*34.43*12*CIGNA001316~CAS*CO*45*33.38*1~SVC*HC:99213*147.24*113.86****1~DTM*472*20241229~CAS*CO*45*33.38*1~CLP*CLM001317*1*134.35*97.37*36.27*12*CIGNA001317~CAS*CO*45*36.98*1~SVC*HC:99213*134.35*97.37****1~DTM*472*20241225~CAS*CO*45*36.98*1~CLP*CLM001318*1*144.50*111.09*12.54*12*CIGNA001318~CAS*CO*45*33.41*1~SVC*HC:99213*144.50*111.09****1~DTM*472*20241230~CAS*CO*45*33.41*1~CLP*CLM001319*1*140.15*111.04*28.93*12*CIGNA001319~CAS*CO*45*29.11*1~SVC*HC:99213*140.15*111.04****1~DTM*472*20241201~CAS*CO*45*29.11*1~CLP*CLM001320*1*141.08*100.44*33.73*12*CIGNA001320~CAS*CO*45*40.64*1~SVC*HC:99213*141.08*100.44****1~DTM*472*20241219~CAS*CO*45*40.64*1~CLP*CLM001321*1*151.70*106.68*30.68*12*CIGNA001321~CAS*CO*45*45.02*1~SVC*HC:99213*151.70*106.68****1~DTM*472*20241228~CAS*CO*45*45.02*1~CLP*CLM001322*1*148.13*97.62*15.10*12*CIGNA001322~CAS*CO*45*50.51*1~SVC*HC:99213*148.13*97.62****1~DTM*472*20241212~CAS*CO*45*50.51*1~CLP*CLM001323*1*154.73*101.48*25.75*12*CIGNA001323~CAS*CO*45*53.25*1~SVC*HC:99213*154.73*101.48****1~DTM*472*20241213~CAS*CO*45*53.25*1~CLP*CLM001324*1*263.27*193.26*18.45*12*CIGNA001324~CAS*CO*45*70.01*1~SVC*HC:99215*263.27*193.26****1~DTM*472*20241207~CAS*CO*45*70.01*1~CLP*CLM001325*1*258.74*213.75*24.80*12*CIGNA001325~CAS*CO*45*44.99*1~SVC*HC:99215*258.74*213.75****1~DTM*472*20241213~CAS*CO*45*44.99*1~CLP*CLM001326*1*288.04*184.61*14.00*12*CIGNA001326~CAS*CO*45*103.43*1~SVC*HC:99215*288.04*184.61****1~DTM*472*20241202~CAS*CO*45*103.43*1~CLP*CLM001327*1*271.52*187.91*37.42*12*CIGNA001327~CAS*CO*45*83.61*1~SVC*HC:99215*271.52*187.91****1~DTM*472*20241230~CAS*CO*45*83.61*1~CLP*CLM001328*1*266.78*207.14*30.29*12*CIGNA001328~CAS*CO*45*59.64*1~SVC*HC:99215*266.78*207.14****1~DTM*472*20241222~CAS*CO*45*59.64*1~CLP*CLM001329*1*281.30*206.40*14.83*12*CIGNA001329~CAS*CO*45*74.90*1~SVC*HC:99215*281.30*206.40****1~DTM*472*20241205~CAS*CO*45*74.90*1~CLP*CLM001330*1*247.72*194.82*35.53*12*CIGNA001330~CAS*CO*45*52.90*1~SVC*HC:99215*247.72*194.82****1~DTM*472*20241217~CAS*CO*45*52.90*1~CLP*CLM001331*1*263.83*213.15*34.93*12*CIGNA001331~CAS*CO*45*50.68*1~SVC*HC:99215*263.83*213.15****1~DTM*472*20241204~CAS*CO*45*50.68*1~CLP*CLM001332*1*269.74*209.59*25.49*12*CIGNA001332~CAS*CO*45*60.15*1~SVC*HC:99215*269.74*209.59****1~DTM*472*20241217~CAS*CO*45*60.15*1~CLP*CLM001333*1*246.54*211.01*30.02*12*CIGNA001333~CAS*CO*45*35.53*1~SVC*HC:99215*246.54*211.01****1~DTM*472*20241205~CAS*CO*45*35.53*1~CLP*CLM001334*1*281.45*191.49*21.81*12*CIGNA001334~CAS*CO*45*89.96*1~SVC*HC:99215*281.45*191.49****1~DTM*472*20241205~CAS*CO*45*89.96*1~CLP*CLM001335*1*288.37*178.42*36.86*12*CIGNA001335~CAS*CO*45*109.95*1~SVC*HC:99215*288.37*178.42****1~DTM*472*20241209~CAS*CO*45*109.95*1~CLP*CLM001336*1*283.52*188.70*14.62*12*CIGNA001336~CAS*CO*45*94.82*1~SVC*HC:99215*283.52*188.70****1~DTM*472*20241221~CAS*CO*45*94.82*1~CLP*CLM001337*1*263.64*178.63*14.89*12*CIGNA001337~CAS*CO*45*85.01*1~SVC*HC:99215*263.64*178.63****1~DTM*472*20241222~CAS*CO*45*85.01*1~CLP*CLM001338*1*266.45*209.01*15.84*12*CIGNA001338~CAS*CO*45*57.44*1~SVC*HC:99215*266.45*209.01****1~DTM*472*20241211~CAS*CO*45*57.44*1~CLP*CLM001339*1*294.15*199.95*33.00*12*CIGNA001339~CAS*CO*45*94.20*1~SVC*HC:99215*294.15*199.95****1~DTM*472*20241216~CAS*CO*45*94.20*1~CLP*CLM001340*1*247.66*209.52*14.37*12*CIGNA001340~CAS*CO*45*38.14*1~SVC*HC:99215*247.66*209.52****1~DTM*472*20241203~CAS*CO*45*38.14*1~CLP*CLM001341*1*283.07*184.66*26.70*12*CIGNA001341~CAS*CO*45*98.41*1~SVC*HC:99215*283.07*184.66****1~DTM*472*20241210~CAS*CO*45*98.41*1~CLP*CLM001342*1*286.47*214.40*23.37*12*CIGNA001342~CAS*CO*45*72.07*1~SVC*HC:99215*286.47*214.40****1~DTM*472*20241214~CAS*CO*45*72.07*1~CLP*CLM001343*1*287.22*213.66*36.61*12*CIGNA001343~CAS*CO*45*73.56*1~SVC*HC:99215*287.22*213.66****1~DTM*472*20241223~CAS*CO*45*73.56*1~CLP*CLM001344*1*269.92*209.53*18.42*12*CIGNA001344~CAS*CO*45*60.39*1~SVC*HC:99215*269.92*209.53****1~DTM*472*20241223~CAS*CO*45*60.39*1~CLP*CLM001345*1*247.28*187.18*19.02*12*CIGNA001345~CAS*CO*45*60.10*1~SVC*HC:99215*247.28*187.18****1~DTM*472*20241211~CAS*CO*45*60.10*1~CLP*CLM001346*1*261.72*206.55*20.38*12*CIGNA001346~CAS*CO*45*55.17*1~SVC*HC:99215*261.72*206.55****1~DTM*472*20241212~CAS*CO*45*55.17*1~CLP*CLM001347*1*259.03*192.30*32.52*12*CIGNA001347~CAS*CO*45*66.73*1~SVC*HC:99215*259.03*192.30****1~DTM*472*20241214~CAS*CO*45*66.73*1~CLP*CLM001348*1*288.97*197.57*30.02*12*CIGNA001348~CAS*CO*45*91.40*1~SVC*HC:99215*288.97*197.57****1~DTM*472*20241206~CAS*CO*45*91.40*1~CLP*CLM001349*1*278.98*182.33*30.88*12*CIGNA001349~CAS*CO*45*96.65*1~SVC*HC:99215*278.98*182.33****1~DTM*472*20241213~CAS*CO*45*96.65*1~CLP*CLM001350*1*258.85*199.67*20.45*12*CIGNA001350~CAS*CO*45*59.18*1~SVC*HC:99215*258.85*199.67****1~DTM*472*20241230~CAS*CO*45*59.18*1~CLP*CLM001351*1*258.38*198.24*19.30*12*CIGNA001351~CAS*CO*45*60.14*1~SVC*HC:99215*258.38*198.24****1~DTM*472*20241221~CAS*CO*45*60.14*1~CLP*CLM001352*1*259.64*185.41*14.37*12*CIGNA001352~CAS*CO*45*74.23*1~SVC*HC:99215*259.64*185.41****1~DTM*472*20241201~CAS*CO*45*74.23*1~CLP*CLM001353*1*271.10*210.56*17.57*12*CIGNA001353~CAS*CO*45*60.54*1~SVC*HC:99215*271.10*210.56****1~DTM*472*20241210~CAS*CO*45*60.54*1~CLP*CLM001354*1*254.33*201.93*32.00*12*CIGNA001354~CAS*CO*45*52.40*1~SVC*HC:99215*254.33*201.93****1~DTM*472*20241215~CAS*CO*45*52.40*1~CLP*CLM001355*1*299.63*212.36*27.12*12*CIGNA001355~CAS*CO*45*87.27*1~SVC*HC:99215*299.63*212.36****1~DTM*472*20241210~CAS*CO*45*87.27*1~CLP*CLM001356*1*268.87*200.42*16.39*12*CIGNA001356~CAS*CO*45*68.45*1~SVC*HC:99215*268.87*200.42****1~DTM*472*20241209~CAS*CO*45*68.45*1~CLP*CLM001357*1*262.20*193.32*16.61*12*CIGNA001357~CAS*CO*45*68.88*1~SVC*HC:99215*262.20*193.32****1~DTM*472*20241213~CAS*CO*45*68.88*1~CLP*CLM001358*1*251.52*208.78*24.15*12*CIGNA001358~CAS*CO*45*42.74*1~SVC*HC:99215*251.52*208.78****1~DTM*472*20241213~CAS*CO*45*42.74*1~CLP*CLM001359*1*277.08*197.80*22.66*12*CIGNA001359~CAS*CO*45*79.28*1~SVC*HC:99215*277.08*197.80****1~DTM*472*20241223~CAS*CO*45*79.28*1~CLP*CLM001360*1*299.10*187.01*25.90*12*CIGNA001360~CAS*CO*45*112.09*1~SVC*HC:99215*299.10*187.01****1~DTM*472*20241222~CAS*CO*45*112.09*1~CLP*CLM001361*1*246.14*190.94*36.62*12*CIGNA001361~CAS*CO*45*55.20*1~SVC*HC:99215*246.14*190.94****1~DTM*472*20241228~CAS*CO*45*55.20*1~CLP*CLM001362*1*286.36*202.25*17.69*12*CIGNA001362~CAS*CO*45*84.11*1~SVC*HC:99215*286.36*202.25****1~DTM*472*20241202~CAS*CO*45*84.11*1~CLP*CLM001363*1*286.39*211.01*20.21*12*CIGNA001363~CAS*CO*45*75.38*1~SVC*HC:99215*286.39*211.01****1~DTM*472*20241227~CAS*CO*45*75.38*1~CLP*CLM001364*1*261.33*210.76*19.13*12*CIGNA001364~CAS*CO*45*50.57*1~SVC*HC:99215*261.33*210.76****1~DTM*472*20241226~CAS*CO*45*50.57*1~CLP*CLM001365*1*289.49*184.47*15.50*12*CIGNA001365~CAS*CO*45*105.02*1~SVC*HC:99215*289.49*184.47****1~DTM*472*20241208~CAS*CO*45*105.02*1~CLP*CLM001366*1*279.60*200.33*16.44*12*CIGNA001366~CAS*CO*45*79.27*1~SVC*HC:99215*279.60*200.33****1~DTM*472*20241222~CAS*CO*45*79.27*1~CLP*CLM001367*1*287.60*204.97*29.65*12*CIGNA001367~CAS*CO*45*82.63*1~SVC*HC:99215*287.60*204.97****1~DTM*472*20241222~CAS*CO*45*82.63*1~CLP*CLM001368*1*280.00*208.20*33.16*12*CIGNA001368~CAS*CO*45*71.80*1~SVC*HC:99215*280.00*208.20****1~DTM*472*20241229~CAS*CO*45*71.80*1~CLP*CLM001369*1*266.92*215.35*29.92*12*CIGNA001369~CAS*CO*45*51.57*1~SVC*HC:99395*266.92*215.35****1~DTM*472*20241226~CAS*CO*45*51.57*1~CLP*CLM001370*1*298.68*207.51*13.51*12*CIGNA001370~CAS*CO*45*91.17*1~SVC*HC:99395*298.68*207.51****1~DTM*472*20241224~CAS*CO*45*91.17*1~CLP*CLM001371*1*318.09*194.52*33.40*12*CIGNA001371~CAS*CO*45*123.57*1~SVC*HC:99395*318.09*194.52****1~DTM*472*20241211~CAS*CO*45*123.57*1~CLP*CLM001372*1*274.93*220.39*20.69*12*CIGNA001372~CAS*CO*45*54.54*1~SVC*HC:99395*274.93*220.39****1~DTM*472*20241205~CAS*CO*45*54.54*1~CLP*CLM001373*1*316.14*222.03*14.78*12*CIGNA001373~CAS*CO*45*94.11*1~SVC*HC:99395*316.14*222.03****1~DTM*472*20241212~CAS*CO*45*94.11*1~CLP*CLM001374*1*318.31*211.30*18.71*12*CIGNA001374~CAS*CO*45*107.01*1~SVC*HC:99395*318.31*211.30****1~DTM*472*20241227~CAS*CO*45*107.01*1~CLP*CLM001375*1*318.35*195.91*21.39*12*CIGNA001375~CAS*CO*45*122.44*1~SVC*HC:99395*318.35*195.91****1~DTM*472*20241231~CAS*CO*45*122.44*1~CLP*CLM001376*1*312.02*209.24*25.34*12*CIGNA001376~CAS*CO*45*102.78*1~SVC*HC:99395*312.02*209.24****1~DTM*472*20241224~CAS*CO*45*102.78*1~CLP*CLM001377*1*311.89*225.56*29.43*12*CIGNA001377~CAS*CO*45*86.33*1~SVC*HC:99395*311.89*225.56****1~DTM*472*20241215~CAS*CO*45*86.33*1~CLP*CLM001378*1*272.88*229.44*19.00*12*CIGNA001378~CAS*CO*45*43.44*1~SVC*HC:99395*272.88*229.44****1~DTM*472*20241231~CAS*CO*45*43.44*1~CLP*CLM001379*1*304.37*198.48*37.27*12*CIGNA001379~CAS*CO*45*105.89*1~SVC*HC:99395*304.37*198.48****1~DTM*472*20241222~CAS*CO*45*105.89*1~CLP*CLM001380*1*321.48*230.16*13.28*12*CIGNA001380~CAS*CO*45*91.32*1~SVC*HC:99395*321.48*230.16****1~DTM*472*20241226~CAS*CO*45*91.32*1~CLP*CLM001381*1*269.91*212.41*22.61*12*CIGNA001381~CAS*CO*45*57.50*1~SVC*HC:99395*269.91*212.41****1~DTM*472*20241213~CAS*CO*45*57.50*1~CLP*CLM001382*1*296.15*189.58*23.81*12*CIGNA001382~CAS*CO*45*106.57*1~SVC*HC:99395*296.15*189.58****1~DTM*472*20241215~CAS*CO*45*106.57*1~CLP*CLM001383*1*308.64*204.48*31.20*12*CIGNA001383~CAS*CO*45*104.16*1~SVC*HC:99395*308.64*204.48****1~DTM*472*20241209~CAS*CO*45*104.16*1~CLP*CLM001384*1*312.96*213.55*18.75*12*CIGNA001384~CAS*CO*45*99.41*1~SVC*HC:99395*312.96*213.55****1~DTM*472*20241231~CAS*CO*45*99.41*1~CLP*CLM001385*1*304.28*204.60*24.05*12*CIGNA001385~CAS*CO*45*99.68*1~SVC*HC:99395*304.28*204.60****1~DTM*472*20241216~CAS*CO*45*99.68*1~CLP*CLM001386*1*316.59*190.05*32.60*12*CIGNA001386~CAS*CO*45*126.54*1~SVC*HC:99395*316.59*190.05****1~DTM*472*20241218~CAS*CO*45*126.54*1~CLP*CLM001387*1*300.47*202.78*15.99*12*CIGNA001387~CAS*CO*45*97.69*1~SVC*HC:99395*300.47*202.78****1~DTM*472*20241221~CAS*CO*45*97.69*1~CLP*CLM001388*1*313.04*191.66*12.80*12*CIGNA001388~CAS*CO*45*121.38*1~SVC*HC:99395*313.04*191.66****1~DTM*472*20241230~CAS*CO*45*121.38*1~CLP*CLM001389*1*302.78*218.45*33.26*12*CIGNA001389~CAS*CO*45*84.33*1~SVC*HC:99395*302.78*218.45****1~DTM*472*20241204~CAS*CO*45*84.33*1~CLP*CLM001390*1*320.24*194.87*37.06*12*CIGNA001390~CAS*CO*45*125.37*1~SVC*HC:99395*320.24*194.87****1~DTM*472*20241210~CAS*CO*45*125.37*1~CLP*CLM001391*1*271.43*230.83*15.77*12*CIGNA001391~CAS*CO*45*40.60*1~SVC*HC:99395*271.43*230.83****1~DTM*472*20241208~CAS*CO*45*40.60*1~CLP*CLM001392*1*272.58*226.26*33.09*12*CIGNA001392~CAS*CO*45*46.32*1~SVC*HC:99395*272.58*226.26****1~DTM*472*20241215~CAS*CO*45*46.32*1~CLP*CLM001393*1*320.42*204.58*21.81*12*CIGNA001393~CAS*CO*45*115.84*1~SVC*HC:99395*320.42*204.58****1~DTM*472*20241223~CAS*CO*45*115.84*1~CLP*CLM001394*1*289.24*228.73*28.26*12*CIGNA001394~CAS*CO*45*60.51*1~SVC*HC:99395*289.24*228.73****1~DTM*472*20241224~CAS*CO*45*60.51*1~CLP*CLM001395*1*316.66*219.52*28.62*12*CIGNA001395~CAS*CO*45*97.14*1~SVC*HC:99395*316.66*219.52****1~DTM*472*20241221~CAS*CO*45*97.14*1~CLP*CLM001396*1*293.37*193.16*27.06*12*CIGNA001396~CAS*CO*45*100.21*1~SVC*HC:99395*293.37*193.16****1~DTM*472*20241214~CAS*CO*45*100.21*1~CLP*CLM001397*1*281.05*228.44*18.97*12*CIGNA001397~CAS*CO*45*52.61*1~SVC*HC:99395*281.05*228.44****1~DTM*472*20241223~CAS*CO*45*52.61*1~CLP*CLM001398*1*290.67*204.56*32.82*12*CIGNA001398~CAS*CO*45*86.11*1~SVC*HC:99395*290.67*204.56****1~DTM*472*20241231~CAS*CO*45*86.11*1~CLP*CLM001399*1*285.93*198.92*13.05*12*CIGNA001399~CAS*CO*45*87.01*1~SVC*HC:99395*285.93*198.92****1~DTM*472*20241222~CAS*CO*45*87.01*1~CLP*CLM001400*1*317.62*204.43*14.11*12*CIGNA001400~CAS*CO*45*113.19*1~SVC*HC:99395*317.62*204.43****1~DTM*472*20241221~CAS*CO*45*113.19*1~CLP*CLM001401*1*288.01*204.06*35.06*12*CIGNA001401~CAS*CO*45*83.95*1~SVC*HC:99395*288.01*204.06****1~DTM*472*20241207~CAS*CO*45*83.95*1~CLP*CLM001402*1*320.40*229.66*23.59*12*CIGNA001402~CAS*CO*45*90.74*1~SVC*HC:99395*320.40*229.66****1~DTM*472*20241227~CAS*CO*45*90.74*1~CLP*CLM001403*1*303.57*208.10*15.72*12*CIGNA001403~CAS*CO*45*95.47*1~SVC*HC:99395*303.57*208.10****1~DTM*472*20241221~CAS*CO*45*95.47*1~CLP*CLM001404*1*321.70*215.86*35.13*12*CIGNA001404~CAS*CO*45*105.84*1~SVC*HC:99395*321.70*215.86****1~DTM*472*20241202~CAS*CO*45*105.84*1~CLP*CLM001405*1*278.92*222.05*33.23*12*CIGNA001405~CAS*CO*45*56.87*1~SVC*HC:99395*278.92*222.05****1~DTM*472*20241205~CAS*CO*45*56.87*1~CLP*CLM001406*1*276.67*222.05*20.79*12*CIGNA001406~CAS*CO*45*54.62*1~SVC*HC:99395*276.67*222.05****1~DTM*472*20241227~CAS*CO*45*54.62*1~CLP*CLM001407*1*276.78*221.14*13.57*12*CIGNA001407~CAS*CO*45*55.64*1~SVC*HC:99395*276.78*221.14****1~DTM*472*20241207~CAS*CO*45*55.64*1~CLP*CLM001408*1*278.30*223.15*24.02*12*CIGNA001408~CAS*CO*45*55.15*1~SVC*HC:99395*278.30*223.15****1~DTM*472*20241225~CAS*CO*45*55.15*1~CLP*CLM001409*1*317.55*195.20*16.70*12*CIGNA001409~CAS*CO*45*122.35*1~SVC*HC:99395*317.55*195.20****1~DTM*472*20241201~CAS*CO*45*122.35*1~CLP*CLM001410*1*322.46*200.65*26.85*12*CIGNA001410~CAS*CO*45*121.81*1~SVC*HC:99395*322.46*200.65****1~DTM*472*20241205~CAS*CO*45*121.81*1~CLP*CLM001411*1*356.06*241.93*33.04*12*CIGNA001411~CAS*CO*45*114.13*1~SVC*HC:99396*356.06*241.93****1~DTM*472*20241204~CAS*CO*45*114.13*1~CLP*CLM001412*1*304.13*247.73*22.37*12*CIGNA001412~CAS*CO*45*56.40*1~SVC*HC:99396*304.13*247.73****1~DTM*472*20241201~CAS*CO*45*56.40*1~CLP*CLM001413*1*355.38*233.20*13.24*12*CIGNA001413~CAS*CO*45*122.18*1~SVC*HC:99396*355.38*233.20****1~DTM*472*20241219~CAS*CO*45*122.18*1~CLP*CLM001414*1*314.11*231.54*29.58*12*CIGNA001414~CAS*CO*45*82.57*1~SVC*HC:99396*314.11*231.54****1~DTM*472*20241202~CAS*CO*45*82.57*1~CLP*CLM001415*1*330.69*222.08*16.82*12*CIGNA001415~CAS*CO*45*108.61*1~SVC*HC:99396*330.69*222.08****1~DTM*472*20241204~CAS*CO*45*108.61*1~CLP*CLM001416*1*334.40*251.79*17.87*12*CIGNA001416~CAS*CO*45*82.61*1~SVC*HC:99396*334.40*251.79****1~DTM*472*20241225~CAS*CO*45*82.61*1~CLP*CLM001417*1*342.29*233.38*17.18*12*CIGNA001417~CAS*CO*45*108.91*1~SVC*HC:99396*342.29*233.38****1~DTM*472*20241215~CAS*CO*45*108.91*1~CLP*CLM001418*1*365.93*240.18*19.50*12*CIGNA001418~CAS*CO*45*125.75*1~SVC*HC:99396*365.93*240.18****1~DTM*472*20241202~CAS*CO*45*125.75*1~CLP*CLM001419*1*363.47*250.91*34.59*12*CIGNA001419~CAS*CO*45*112.56*1~SVC*HC:99396*363.47*250.91****1~DTM*472*20241222~CAS*CO*45*112.56*1~CLP*CLM001420*1*333.18*241.03*13.37*12*CIGNA001420~CAS*CO*45*92.15*1~SVC*HC:99396*333.18*241.03****1~DTM*472*20241231~CAS*CO*45*92.15*1~CLP*CLM001421*1*369.51*217.50*27.98*12*CIGNA001421~CAS*CO*45*152.01*1~SVC*HC:99396*369.51*217.50****1~DTM*472*20241228~CAS*CO*45*152.01*1~CLP*CLM001422*1*348.51*235.28*18.64*12*CIGNA001422~CAS*CO*45*113.23*1~SVC*HC:99396*348.51*235.28****1~DTM*472*20241216~CAS*CO*45*113.23*1~CLP*CLM001423*1*332.21*250.20*19.88*12*CIGNA001423~CAS*CO*45*82.01*1~SVC*HC:99396*332.21*250.20****1~DTM*472*20241229~CAS*CO*45*82.01*1~CLP*CLM001424*1*343.28*219.88*22.80*12*CIGNA001424~CAS*CO*45*123.40*1~SVC*HC:99396*343.28*219.88****1~DTM*472*20241203~CAS*CO*45*123.40*1~CLP*CLM001425*1*344.35*222.06*26.27*12*CIGNA001425~CAS*CO*45*122.29*1~SVC*HC:99396*344.35*222.06****1~DTM*472*20241219~CAS*CO*45*122.29*1~CLP*CLM001426*1*324.25*242.32*14.02*12*CIGNA001426~CAS*CO*45*81.93*1~SVC*HC:99396*324.25*242.32****1~DTM*472*20241220~CAS*CO*45*81.93*1~CLP*CLM001427*1*332.89*241.47*19.49*12*CIGNA001427~CAS*CO*45*91.42*1~SVC*HC:99396*332.89*241.47****1~DTM*472*20241220~CAS*CO*45*91.42*1~CLP*CLM001428*1*355.70*236.65*15.93*12*CIGNA001428~CAS*CO*45*119.05*1~SVC*HC:99396*355.70*236.65****1~DTM*472*20241204~CAS*CO*45*119.05*1~CLP*CLM001429*1*346.14*256.93*17.49*12*CIGNA001429~CAS*CO*45*89.21*1~SVC*HC:99396*346.14*256.93****1~DTM*472*20241225~CAS*CO*45*89.21*1~CLP*CLM001430*1*360.56*242.46*34.62*12*CIGNA001430~CAS*CO*45*118.10*1~SVC*HC:99396*360.56*242.46****1~DTM*472*20241214~CAS*CO*45*118.10*1~CLP*CLM001431*1*317.75*237.67*25.65*12*CIGNA001431~CAS*CO*45*80.08*1~SVC*HC:99396*317.75*237.67****1~DTM*472*20241211~CAS*CO*45*80.08*1~CLP*CLM001432*1*329.19*255.72*28.27*12*CIGNA001432~CAS*CO*45*73.47*1~SVC*HC:99396*329.19*255.72****1~DTM*472*20241224~CAS*CO*45*73.47*1~CLP*CLM001433*1*331.08*220.56*32.55*12*CIGNA001433~CAS*CO*45*110.52*1~SVC*HC:99396*331.08*220.56****1~DTM*472*20241222~CAS*CO*45*110.52*1~CLP*CLM001434*1*366.48*228.23*32.37*12*CIGNA001434~CAS*CO*45*138.25*1~SVC*HC:99396*366.48*228.23****1~DTM*472*20241222~CAS*CO*45*138.25*1~CLP*CLM001435*1*306.91*260.30*37.24*12*CIGNA001435~CAS*CO*45*46.61*1~SVC*HC:99396*306.91*260.30****1~DTM*472*20241227~CAS*CO*45*46.61*1~CLP*CLM001436*1*331.42*220.10*32.05*12*CIGNA001436~CAS*CO*45*111.32*1~SVC*HC:99396*331.42*220.10****1~DTM*472*20241224~CAS*CO*45*111.32*1~CLP*CLM001437*1*356.95*251.46*21.48*12*CIGNA001437~CAS*CO*45*105.49*1~SVC*HC:99396*356.95*251.46****1~DTM*472*20241218~CAS*CO*45*105.49*1~CLP*CLM001438*1*366.69*218.88*26.11*12*CIGNA001438~CAS*CO*45*147.81*1~SVC*HC:99396*366.69*218.88****1~DTM*472*20241218~CAS*CO*45*147.81*1~CLP*CLM001439*1*310.61*231.82*24.62*12*CIGNA001439~CAS*CO*45*78.79*1~SVC*HC:99396*310.61*231.82****1~DTM*472*20241212~CAS*CO*45*78.79*1~CLP*CLM001440*1*365.64*257.93*35.32*12*CIGNA001440~CAS*CO*45*107.71*1~SVC*HC:99396*365.64*257.93****1~DTM*472*20241214~CAS*CO*45*107.71*1~CLP*CLM001441*1*350.86*257.67*25.06*12*CIGNA001441~CAS*CO*45*93.19*1~SVC*HC:99396*350.86*257.67****1~DTM*472*20241231~CAS*CO*45*93.19*1~CLP*CLM001442*1*323.40*229.81*22.21*12*CIGNA001442~CAS*CO*45*93.59*1~SVC*HC:99396*323.40*229.81****1~DTM*472*20241204~CAS*CO*45*93.59*1~CLP*CLM001443*1*316.70*243.74*17.00*12*CIGNA001443~CAS*CO*45*72.96*1~SVC*HC:99396*316.70*243.74****1~DTM*472*20241222~CAS*CO*45*72.96*1~CLP*CLM001444*1*359.34*239.15*20.47*12*CIGNA001444~CAS*CO*45*120.19*1~SVC*HC:99396*359.34*239.15****1~DTM*472*20241212~CAS*CO*45*120.19*1~CLP*CLM001445*1*327.10*256.58*17.98*12*CIGNA001445~CAS*CO*45*70.52*1~SVC*HC:99396*327.10*256.58****1~DTM*472*20241225~CAS*CO*45*70.52*1~CLP*CLM001446*1*317.60*229.37*34.89*12*CIGNA001446~CAS*CO*45*88.23*1~SVC*HC:99396*317.60*229.37****1~DTM*472*20241214~CAS*CO*45*88.23*1~CLP*CLM001447*1*367.89*256.57*31.96*12*CIGNA001447~CAS*CO*45*111.32*1~SVC*HC:99396*367.89*256.57****1~DTM*472*20241227~CAS*CO*45*111.32*1~CLP*CLM001448*1*347.76*245.84*13.96*12*CIGNA001448~CAS*CO*45*101.92*1~SVC*HC:99396*347.76*245.84****1~DTM*472*20241218~CAS*CO*45*101.92*1~CLP*CLM001449*1*129.21*76.95*37.29*12*CIGNA001449~CAS*CO*45*52.26*1~SVC*HC:93000*129.21*76.95****1~DTM*472*20241227~CAS*CO*45*52.26*1~CLP*CLM001450*1*107.79*88.29*25.74*12*CIGNA001450~CAS*CO*45*19.50*1~SVC*HC:93000*107.79*88.29****1~DTM*472*20241209~CAS*CO*45*19.50*1~CLP*CLM001451*1*114.45*88.45*31.67*12*CIGNA001451~CAS*CO*45*26.00*1~SVC*HC:93000*114.45*88.45****1~DTM*472*20241211~CAS*CO*45*26.00*1~CLP*CLM001452*1*111.42*82.47*37.49*12*CIGNA001452~CAS*CO*45*28.95*1~SVC*HC:93000*111.42*82.47****1~DTM*472*20241205~CAS*CO*45*28.95*1~CLP*CLM001453*1*116.64*86.13*36.85*12*CIGNA001453~CAS*CO*45*30.51*1~SVC*HC:93000*116.64*86.13****1~DTM*472*20241205~CAS*CO*45*30.51*1~CLP*CLM001454*1*130.23*89.10*15.00*12*CIGNA001454~CAS*CO*45*41.13*1~SVC*HC:93000*130.23*89.10****1~DTM*472*20241203~CAS*CO*45*41.13*1~CLP*CLM001455*1*112.22*89.18*28.92*12*CIGNA001455~CAS*CO*45*23.04*1~SVC*HC:93000*112.22*89.18****1~DTM*472*20241214~CAS*CO*45*23.04*1~CLP*CLM001456*1*110.85*84.21*19.16*12*CIGNA001456~CAS*CO*45*26.64*1~SVC*HC:93000*110.85*84.21****1~DTM*472*20241210~CAS*CO*45*26.64*1~CLP*CLM001457*1*125.59*88.77*32.91*12*CIGNA001457~CAS*CO*45*36.82*1~SVC*HC:93000*125.59*88.77****1~DTM*472*20241219~CAS*CO*45*36.82*1~CLP*CLM001458*1*128.12*86.64*35.43*12*CIGNA001458~CAS*CO*45*41.48*1~SVC*HC:93000*128.12*86.64****1~DTM*472*20241205~CAS*CO*45*41.48*1~CLP*CLM001459*1*121.80*79.18*13.90*12*CIGNA001459~CAS*CO*45*42.62*1~SVC*HC:93000*121.80*79.18****1~DTM*472*20241222~CAS*CO*45*42.62*1~CLP*CLM001460*1*117.65*77.89*37.41*12*CIGNA001460~CAS*CO*45*39.76*1~SVC*HC:93000*117.65*77.89****1~DTM*472*20241214~CAS*CO*45*39.76*1~CLP*CLM001461*1*117.62*84.76*17.99*12*CIGNA001461~CAS*CO*45*32.86*1~SVC*HC:93000*117.62*84.76****1~DTM*472*20241209~CAS*CO*45*32.86*1~CLP*CLM001462*1*119.29*80.16*33.66*12*CIGNA001462~CAS*CO*45*39.13*1~SVC*HC:93000*119.29*80.16****1~DTM*472*20241212~CAS*CO*45*39.13*1~CLP*CLM001463*1*113.84*83.81*32.43*12*CIGNA001463~CAS*CO*45*30.03*1~SVC*HC:93000*113.84*83.81****1~DTM*472*20241222~CAS*CO*45*30.03*1~CLP*CLM001464*1*119.64*86.58*21.37*12*CIGNA001464~CAS*CO*45*33.06*1~SVC*HC:93000*119.64*86.58****1~DTM*472*20241210~CAS*CO*45*33.06*1~CLP*CLM001465*1*116.51*77.27*33.48*12*CIGNA001465~CAS*CO*45*39.24*1~SVC*HC:93000*116.51*77.27****1~DTM*472*20241220~CAS*CO*45*39.24*1~CLP*CLM001466*1*111.97*77.43*33.63*12*CIGNA001466~CAS*CO*45*34.54*1~SVC*HC:93000*111.97*77.43****1~DTM*472*20241231~CAS*CO*45*34.54*1~CLP*CLM001467*1*110.37*80.09*16.90*12*CIGNA001467~CAS*CO*45*30.28*1~SVC*HC:93000*110.37*80.09****1~DTM*472*20241209~CAS*CO*45*30.28*1~CLP*CLM001468*1*109.96*81.42*27.31*12*CIGNA001468~CAS*CO*45*28.54*1~SVC*HC:93000*109.96*81.42****1~DTM*472*20241216~CAS*CO*45*28.54*1~CLP*CLM001469*1*111.28*89.20*32.66*12*CIGNA001469~CAS*CO*45*22.08*1~SVC*HC:93000*111.28*89.20****1~DTM*472*20241213~CAS*CO*45*22.08*1~CLP*CLM001470*1*112.58*85.55*29.94*12*CIGNA001470~CAS*CO*45*27.03*1~SVC*HC:93000*112.58*85.55****1~DTM*472*20241218~CAS*CO*45*27.03*1~CLP*CLM001471*1*126.29*90.67*35.35*12*CIGNA001471~CAS*CO*45*35.62*1~SVC*HC:93000*126.29*90.67****1~DTM*472*20241203~CAS*CO*45*35.62*1~CLP*CLM001472*1*124.76*83.25*13.21*12*CIGNA001472~CAS*CO*45*41.51*1~SVC*HC:93000*124.76*83.25****1~DTM*472*20241214~CAS*CO*45*41.51*1~CLP*CLM001473*1*129.02*76.82*30.01*12*CIGNA001473~CAS*CO*45*52.20*1~SVC*HC:93000*129.02*76.82****1~DTM*472*20241228~CAS*CO*45*52.20*1~CLP*CLM001474*1*117.32*81.82*36.19*12*CIGNA001474~CAS*CO*45*35.50*1~SVC*HC:93000*117.32*81.82****1~DTM*472*20241213~CAS*CO*45*35.50*1~CLP*CLM001475*1*117.04*88.56*26.59*12*CIGNA001475~CAS*CO*45*28.48*1~SVC*HC:93000*117.04*88.56****1~DTM*472*20241204~CAS*CO*45*28.48*1~CLP*CLM001476*1*130.10*83.39*26.58*12*CIGNA001476~CAS*CO*45*46.71*1~SVC*HC:93000*130.10*83.39****1~DTM*472*20241206~CAS*CO*45*46.71*1~CLP*CLM001477*1*121.81*90.12*17.21*12*CIGNA001477~CAS*CO*45*31.69*1~SVC*HC:93000*121.81*90.12****1~DTM*472*20241227~CAS*CO*45*31.69*1~CLP*CLM001478*1*115.71*88.22*37.20*12*CIGNA001478~CAS*CO*45*27.49*1~SVC*HC:93000*115.71*88.22****1~DTM*472*20241214~CAS*CO*45*27.49*1~CLP*CLM001479*1*112.89*90.86*34.54*12*CIGNA001479~CAS*CO*45*22.03*1~SVC*HC:93000*112.89*90.86****1~DTM*472*20241219~CAS*CO*45*22.03*1~CLP*CLM001480*1*108.97*83.31*24.81*12*CIGNA001480~CAS*CO*45*25.66*1~SVC*HC:93000*108.97*83.31****1~DTM*472*20241228~CAS*CO*45*25.66*1~CLP*CLM001481*1*115.18*81.77*20.23*12*CIGNA001481~CAS*CO*45*33.41*1~SVC*HC:93000*115.18*81.77****1~DTM*472*20241211~CAS*CO*45*33.41*1~CLP*CLM001482*1*108.92*89.75*24.76*12*CIGNA001482~CAS*CO*45*19.17*1~SVC*HC:93000*108.92*89.75****1~DTM*472*20241221~CAS*CO*45*19.17*1~CLP*CLM001483*1*119.24*78.44*14.76*12*CIGNA001483~CAS*CO*45*40.80*1~SVC*HC:93000*119.24*78.44****1~DTM*472*20241229~CAS*CO*45*40.80*1~CLP*CLM001484*1*115.46*89.70*18.32*12*CIGNA001484~CAS*CO*45*25.76*1~SVC*HC:93000*115.46*89.70****1~DTM*472*20241231~CAS*CO*45*25.76*1~CLP*CLM001485*1*126.50*90.42*17.97*12*CIGNA001485~CAS*CO*45*36.08*1~SVC*HC:93000*126.50*90.42****1~DTM*472*20241208~CAS*CO*45*36.08*1~CLP*CLM001486*1*113.19*78.25*25.66*12*CIGNA001486~CAS*CO*45*34.94*1~SVC*HC:93000*113.19*78.25****1~DTM*472*20241206~CAS*CO*45*34.94*1~CLP*CLM001487*1*125.19*86.74*12.52*12*CIGNA001487~CAS*CO*45*38.45*1~SVC*HC:93000*125.19*86.74****1~DTM*472*20241221~CAS*CO*45*38.45*1~CLP*CLM001488*1*129.74*77.78*35.45*12*CIGNA001488~CAS*CO*45*51.96*1~SVC*HC:93000*129.74*77.78****1~DTM*472*20241221~CAS*CO*45*51.96*1~CLP*CLM001489*1*125.06*84.90*17.54*12*CIGNA001489~CAS*CO*45*40.16*1~SVC*HC:93000*125.06*84.90****1~DTM*472*20241225~CAS*CO*45*40.16*1~CLP*CLM001490*1*123.31*86.35*15.76*12*CIGNA001490~CAS*CO*45*36.96*1~SVC*HC:93000*123.31*86.35****1~DTM*472*20241229~CAS*CO*45*36.96*1~CLP*CLM001491*1*122.22*86.10*30.42*12*CIGNA001491~CAS*CO*45*36.12*1~SVC*HC:93000*122.22*86.10****1~DTM*472*20241220~CAS*CO*45*36.12*1~CLP*CLM001492*1*130.21*81.99*35.47*12*CIGNA001492~CAS*CO*45*48.22*1~SVC*HC:93000*130.21*81.99****1~DTM*472*20241211~CAS*CO*45*48.22*1~CLP*CLM001493*1*108.73*79.07*33.61*12*CIGNA001493~CAS*CO*45*29.66*1~SVC*HC:93000*108.73*79.07****1~DTM*472*20241215~CAS*CO*45*29.66*1~CLP*CLM001494*1*2669.35*1847.30*20.59*12*CIGNA001494~CAS*CO*45*822.05*1~SVC*HC:70553*2669.35*1847.30****1~DTM*472*20241219~CAS*CO*45*822.05*1~CLP*CLM001495*1*2523.70*1640.22*13.05*12*CIGNA001495~CAS*CO*45*883.48*1~SVC*HC:70553*2523.70*1640.22****1~DTM*472*20241210~CAS*CO*45*883.48*1~CLP*CLM001496*1*2286.95*1786.23*27.17*12*CIGNA001496~CAS*CO*45*500.72*1~SVC*HC:70553*2286.95*1786.23****1~DTM*472*20241212~CAS*CO*45*500.72*1~CLP*CLM001497*1*2306.67*1919.41*35.43*12*CIGNA001497~CAS*CO*45*387.26*1~SVC*HC:70553*2306.67*1919.41****1~DTM*472*20241228~CAS*CO*45*387.26*1~CLP*CLM001498*1*2313.51*1971.85*31.86*12*CIGNA001498~CAS*CO*45*341.66*1~SVC*HC:70553*2313.51*1971.85****1~DTM*472*20241220~CAS*CO*45*341.66*1~CLP*CLM001499*1*2501.21*1802.54*33.66*12*CIGNA001499~CAS*CO*45*698.67*1~SVC*HC:70553*2501.21*1802.54****1~DTM*472*20241218~CAS*CO*45*698.67*1~CLP*CLM001500*1*2640.42*1963.52*34.02*12*CIGNA001500~CAS*CO*45*676.90*1~SVC*HC:70553*2640.42*1963.52****1~DTM*472*20241202~CAS*CO*45*676.90*1~CLP*CLM001501*1*2676.15*1781.90*36.51*12*CIGNA001501~CAS*CO*45*894.25*1~SVC*HC:70553*2676.15*1781.90****1~DTM*472*20241221~CAS*CO*45*894.25*1~CLP*CLM001502*1*2572.92*1687.77*21.84*12*CIGNA001502~CAS*CO*45*885.15*1~SVC*HC:70553*2572.92*1687.77****1~DTM*472*20241217~CAS*CO*45*885.15*1~CLP*CLM001503*1*2299.18*1674.31*36.05*12*CIGNA001503~CAS*CO*45*624.87*1~SVC*HC:70553*2299.18*1674.31****1~DTM*472*20241204~CAS*CO*45*624.87*1~CLP*CLM001504*1*2690.04*1911.95*22.39*12*CIGNA001504~CAS*CO*45*778.09*1~SVC*HC:70553*2690.04*1911.95****1~DTM*472*20241223~CAS*CO*45*778.09*1~CLP*CLM001505*1*2593.65*1650.36*15.03*12*CIGNA001505~CAS*CO*45*943.29*1~SVC*HC:70553*2593.65*1650.36****1~DTM*472*20241202~CAS*CO*45*943.29*1~CLP*CLM001506*1*2488.63*1709.19*20.04*12*CIGNA001506~CAS*CO*45*779.44*1~SVC*HC:70553*2488.63*1709.19****1~DTM*472*20241215~CAS*CO*45*779.44*1~CLP*CLM001507*1*2575.34*1808.66*15.91*12*CIGNA001507~CAS*CO*45*766.68*1~SVC*HC:70553*2575.34*1808.66****1~DTM*472*20241212~CAS*CO*45*766.68*1~CLP*CLM001508*1*2410.58*1754.23*16.44*12*CIGNA001508~CAS*CO*45*656.35*1~SVC*HC:70553*2410.58*1754.23****1~DTM*472*20241214~CAS*CO*45*656.35*1~CLP*CLM001509*1*2392.65*1740.57*36.22*12*CIGNA001509~CAS*CO*45*652.08*1~SVC*HC:72148*2392.65*1740.57****1~DTM*472*20241202~CAS*CO*45*652.08*1~CLP*CLM001510*1*2378.06*1745.44*32.30*12*CIGNA001510~CAS*CO*45*632.62*1~SVC*HC:72148*2378.06*1745.44****1~DTM*472*20241203~CAS*CO*45*632.62*1~CLP*CLM001511*1*2336.78*1593.80*36.52*12*CIGNA001511~CAS*CO*45*742.98*1~SVC*HC:72148*2336.78*1593.80****1~DTM*472*20241213~CAS*CO*45*742.98*1~CLP*CLM001512*1*2413.36*1578.77*28.73*12*CIGNA001512~CAS*CO*45*834.59*1~SVC*HC:72148*2413.36*1578.77****1~DTM*472*20241222~CAS*CO*45*834.59*1~CLP*CLM001513*1*2357.45*1803.26*16.86*12*CIGNA001513~CAS*CO*45*554.19*1~SVC*HC:72148*2357.45*1803.26****1~DTM*472*20241205~CAS*CO*45*554.19*1~CLP*CLM001514*1*2348.23*1595.01*36.72*12*CIGNA001514~CAS*CO*45*753.22*1~SVC*HC:72148*2348.23*1595.01****1~DTM*472*20241205~CAS*CO*45*753.22*1~CLP*CLM001515*1*2222.33*1787.53*29.84*12*CIGNA001515~CAS*CO*45*434.80*1~SVC*HC:72148*2222.33*1787.53****1~DTM*472*20241221~CAS*CO*45*434.80*1~CLP*CLM001516*1*2260.08*1715.50*35.72*12*CIGNA001516~CAS*CO*45*544.58*1~SVC*HC:72148*2260.08*1715.50****1~DTM*472*20241220~CAS*CO*45*544.58*1~CLP*CLM001517*1*2118.14*1718.92*32.17*12*CIGNA001517~CAS*CO*45*399.22*1~SVC*HC:72148*2118.14*1718.92****1~DTM*472*20241218~CAS*CO*45*399.22*1~CLP*CLM001518*1*2444.75*1609.30*18.08*12*CIGNA001518~CAS*CO*45*835.45*1~SVC*HC:72148*2444.75*1609.30****1~DTM*472*20241227~CAS*CO*45*835.45*1~CLP*CLM001519*1*2403.71*1527.17*27.22*12*CIGNA001519~CAS*CO*45*876.54*1~SVC*HC:72148*2403.71*1527.17****1~DTM*472*20241231~CAS*CO*45*876.54*1~CLP*CLM001520*1*2395.66*1728.80*16.88*12*CIGNA001520~CAS*CO*45*666.86*1~SVC*HC:72148*2395.66*1728.80****1~DTM*472*20241217~CAS*CO*45*666.86*1~CLP*CLM001521*1*2388.75*1515.84*20.17*12*CIGNA001521~CAS*CO*45*872.91*1~SVC*HC:72148*2388.75*1515.84****1~DTM*472*20241217~CAS*CO*45*872.91*1~CLP*CLM001522*1*2246.52*1604.40*29.71*12*CIGNA001522~CAS*CO*45*642.12*1~SVC*HC:72148*2246.52*1604.40****1~DTM*472*20241206~CAS*CO*45*642.12*1~CLP*CLM001523*1*2236.88*1798.89*15.68*12*CIGNA001523~CAS*CO*45*437.99*1~SVC*HC:72148*2236.88*1798.89****1~DTM*472*20241225~CAS*CO*45*437.99*1~CLP*CLM001524*1*2183.66*1645.47*30.72*12*CIGNA001524~CAS*CO*45*538.19*1~SVC*HC:72148*2183.66*1645.47****1~DTM*472*20241205~CAS*CO*45*538.19*1~CLP*CLM001525*1*2215.66*1536.13*36.22*12*CIGNA001525~CAS*CO*45*679.53*1~SVC*HC:72148*2215.66*1536.13****1~DTM*472*20241226~CAS*CO*45*679.53*1~CLP*CLM001526*1*2435.14*1518.38*36.22*12*CIGNA001526~CAS*CO*45*916.76*1~SVC*HC:72148*2435.14*1518.38****1~DTM*472*20241227~CAS*CO*45*916.76*1~CLP*CLM001527*1*1337.06*995.34*22.29*12*CIGNA001527~CAS*CO*45*341.72*1~SVC*HC:74177*1337.06*995.34****1~DTM*472*20241222~CAS*CO*45*341.72*1~CLP*CLM001528*1*1400.84*918.99*37.36*12*CIGNA001528~CAS*CO*45*481.85*1~SVC*HC:74177*1400.84*918.99****1~DTM*472*20241205~CAS*CO*45*481.85*1~CLP*CLM001529*1*1238.03*968.48*36.63*12*CIGNA001529~CAS*CO*45*269.55*1~SVC*HC:74177*1238.03*968.48****1~DTM*472*20241206~CAS*CO*45*269.55*1~CLP*CLM001530*1*1402.11*1012.96*13.31*12*CIGNA001530~CAS*CO*45*389.15*1~SVC*HC:74177*1402.11*1012.96****1~DTM*472*20241226~CAS*CO*45*389.15*1~CLP*CLM001531*1*1388.83*1026.50*27.56*12*CIGNA001531~CAS*CO*45*362.33*1~SVC*HC:74177*1388.83*1026.50****1~DTM*472*20241202~CAS*CO*45*362.33*1~CLP*CLM001532*1*1376.91*933.06*35.53*12*CIGNA001532~CAS*CO*45*443.85*1~SVC*HC:74177*1376.91*933.06****1~DTM*472*20241208~CAS*CO*45*443.85*1~CLP*CLM001533*1*1359.42*1039.22*36.69*12*CIGNA001533~CAS*CO*45*320.20*1~SVC*HC:74177*1359.42*1039.22****1~DTM*472*20241225~CAS*CO*45*320.20*1~CLP*CLM001534*1*1316.41*997.22*18.02*12*CIGNA001534~CAS*CO*45*319.19*1~SVC*HC:74177*1316.41*997.22****1~DTM*472*20241218~CAS*CO*45*319.19*1~CLP*CLM001535*1*1453.85*900.44*26.64*12*CIGNA001535~CAS*CO*45*553.41*1~SVC*HC:74177*1453.85*900.44****1~DTM*472*20241226~CAS*CO*45*553.41*1~CLP*CLM001536*1*1419.14*944.11*35.92*12*CIGNA001536~CAS*CO*45*475.03*1~SVC*HC:74177*1419.14*944.11****1~DTM*472*20241212~CAS*CO*45*475.03*1~CLP*CLM001537*1*1348.73*983.88*16.02*12*CIGNA001537~CAS*CO*45*364.85*1~SVC*HC:74177*1348.73*983.88****1~DTM*472*20241215~CAS*CO*45*364.85*1~CLP*CLM001538*1*1271.95*942.72*31.13*12*CIGNA001538~CAS*CO*45*329.23*1~SVC*HC:74177*1271.95*942.72****1~DTM*472*20241213~CAS*CO*45*329.23*1~CLP*CLM001539*1*1308.36*950.55*18.45*12*CIGNA001539~CAS*CO*45*357.81*1~SVC*HC:74177*1308.36*950.55****1~DTM*472*20241206~CAS*CO*45*357.81*1~CLP*CLM001540*1*1410.13*1010.21*37.06*12*CIGNA001540~CAS*CO*45*399.92*1~SVC*HC:74177*1410.13*1010.21****1~DTM*472*20241205~CAS*CO*45*399.92*1~CLP*CLM001541*1*1210.88*1020.87*16.70*12*CIGNA001541~CAS*CO*45*190.01*1~SVC*HC:74177*1210.88*1020.87****1~DTM*472*20241216~CAS*CO*45*190.01*1~CLP*CLM001542*1*1344.51*1021.08*34.63*12*CIGNA001542~CAS*CO*45*323.43*1~SVC*HC:74177*1344.51*1021.08****1~DTM*472*20241204~CAS*CO*45*323.43*1~CLP*CLM001543*1*1334.23*990.17*14.72*12*CIGNA001543~CAS*CO*45*344.06*1~SVC*HC:74177*1334.23*990.17****1~DTM*472*20241204~CAS*CO*45*344.06*1~CLP*CLM001544*1*1399.99*909.16*30.22*12*CIGNA001544~CAS*CO*45*490.83*1~SVC*HC:74177*1399.99*909.16****1~DTM*472*20241209~CAS*CO*45*490.83*1~CLP*CLM001545*1*1333.55*940.37*28.48*12*CIGNA001545~CAS*CO*45*393.18*1~SVC*HC:74177*1333.55*940.37****1~DTM*472*20241227~CAS*CO*45*393.18*1~CLP*CLM001546*1*1448.75*938.12*34.67*12*CIGNA001546~CAS*CO*45*510.63*1~SVC*HC:74177*1448.75*938.12****1~DTM*472*20241208~CAS*CO*45*510.63*1~CLP*CLM001547*1*1432.31*1010.17*23.67*12*CIGNA001547~CAS*CO*45*422.14*1~SVC*HC:74177*1432.31*1010.17****1~DTM*472*20241230~CAS*CO*45*422.14*1~CLP*CLM001548*1*1211.17*860.07*19.13*12*CIGNA001548~CAS*CO*45*351.10*1~SVC*HC:74177*1211.17*860.07****1~DTM*472*20241217~CAS*CO*45*351.10*1~CLP*CLM001549*1*246.26*175.46*18.74*12*CIGNA001549~CAS*CO*45*70.80*1~SVC*HC:71046*246.26*175.46****1~DTM*472*20241203~CAS*CO*45*70.80*1~CLP*CLM001550*1*228.22*175.50*14.19*12*CIGNA001550~CAS*CO*45*52.72*1~SVC*HC:71046*228.22*175.50****1~DTM*472*20241230~CAS*CO*45*52.72*1~CLP*CLM001551*1*262.82*165.57*18.92*12*CIGNA001551~CAS*CO*45*97.25*1~SVC*HC:71046*262.82*165.57****1~DTM*472*20241211~CAS*CO*45*97.25*1~CLP*CLM001552*1*233.74*190.49*15.20*12*CIGNA001552~CAS*CO*45*43.25*1~SVC*HC:71046*233.74*190.49****1~DTM*472*20241210~CAS*CO*45*43.25*1~CLP*CLM001553*1*250.61*195.03*12.53*12*CIGNA001553~CAS*CO*45*55.58*1~SVC*HC:71046*250.61*195.03****1~DTM*472*20241227~CAS*CO*45*55.58*1~CLP*CLM001554*1*262.36*167.00*22.15*12*CIGNA001554~CAS*CO*45*95.36*1~SVC*HC:71046*262.36*167.00****1~DTM*472*20241215~CAS*CO*45*95.36*1~CLP*CLM001555*1*272.46*184.15*30.81*12*CIGNA001555~CAS*CO*45*88.31*1~SVC*HC:71046*272.46*184.15****1~DTM*472*20241201~CAS*CO*45*88.31*1~CLP*CLM001556*1*268.88*171.21*36.73*12*CIGNA001556~CAS*CO*45*97.67*1~SVC*HC:71046*268.88*171.21****1~DTM*472*20241218~CAS*CO*45*97.67*1~CLP*CLM001557*1*257.49*195.85*34.61*12*CIGNA001557~CAS*CO*45*61.64*1~SVC*HC:71046*257.49*195.85****1~DTM*472*20241214~CAS*CO*45*61.64*1~CLP*CLM001558*1*241.32*166.00*24.83*12*CIGNA001558~CAS*CO*45*75.32*1~SVC*HC:71046*241.32*166.00****1~DTM*472*20241210~CAS*CO*45*75.32*1~CLP*CLM001559*1*238.82*166.39*21.97*12*CIGNA001559~CAS*CO*45*72.43*1~SVC*HC:71046*238.82*166.39****1~DTM*472*20241221~CAS*CO*45*72.43*1~CLP*CLM001560*1*249.84*190.58*26.15*12*CIGNA001560~CAS*CO*45*59.26*1~SVC*HC:71046*249.84*190.58****1~DTM*472*20241204~CAS*CO*45*59.26*1~CLP*CLM001561*1*251.99*192.12*15.04*12*CIGNA001561~CAS*CO*45*59.87*1~SVC*HC:71046*251.99*192.12****1~DTM*472*20241218~CAS*CO*45*59.87*1~CLP*CLM001562*1*252.77*162.59*24.49*12*CIGNA001562~CAS*CO*45*90.18*1~SVC*HC:71046*252.77*162.59****1~DTM*472*20241208~CAS*CO*45*90.18*1~CLP*CLM001563*1*241.48*187.87*34.10*12*CIGNA001563~CAS*CO*45*53.61*1~SVC*HC:71046*241.48*187.87****1~DTM*472*20241201~CAS*CO*45*53.61*1~CLP*CLM001564*1*238.92*184.13*28.77*12*CIGNA001564~CAS*CO*45*54.79*1~SVC*HC:71046*238.92*184.13****1~DTM*472*20241214~CAS*CO*45*54.79*1~CLP*CLM001565*1*260.48*168.74*29.68*12*CIGNA001565~CAS*CO*45*91.74*1~SVC*HC:71046*260.48*168.74****1~DTM*472*20241217~CAS*CO*45*91.74*1~CLP*CLM001566*1*230.21*197.09*16.57*12*CIGNA001566~CAS*CO*45*33.12*1~SVC*HC:71046*230.21*197.09****1~DTM*472*20241217~CAS*CO*45*33.12*1~CLP*CLM001567*1*266.44*181.59*14.34*12*CIGNA001567~CAS*CO*45*84.85*1~SVC*HC:71046*266.44*181.59****1~DTM*472*20241217~CAS*CO*45*84.85*1~CLP*CLM001568*1*246.48*181.95*33.64*12*CIGNA001568~CAS*CO*45*64.53*1~SVC*HC:71046*246.48*181.95****1~DTM*472*20241216~CAS*CO*45*64.53*1~CLP*CLM001569*1*246.30*163.57*19.87*12*CIGNA001569~CAS*CO*45*82.73*1~SVC*HC:71046*246.30*163.57****1~DTM*472*20241212~CAS*CO*45*82.73*1~CLP*CLM001570*1*227.62*171.13*20.47*12*CIGNA001570~CAS*CO*45*56.49*1~SVC*HC:71046*227.62*171.13****1~DTM*472*20241226~CAS*CO*45*56.49*1~CLP*CLM001571*1*238.95*164.43*36.29*12*CIGNA001571~CAS*CO*45*74.52*1~SVC*HC:71046*238.95*164.43****1~DTM*472*20241222~CAS*CO*45*74.52*1~CLP*CLM001572*1*265.68*184.62*14.36*12*CIGNA001572~CAS*CO*45*81.06*1~SVC*HC:71046*265.68*184.62****1~DTM*472*20241224~CAS*CO*45*81.06*1~CLP*CLM001573*1*233.52*189.24*16.75*12*CIGNA001573~CAS*CO*45*44.28*1~SVC*HC:71046*233.52*189.24****1~DTM*472*20241212~CAS*CO*45*44.28*1~CLP*CLM001574*1*267.80*181.66*21.89*12*CIGNA001574~CAS*CO*45*86.14*1~SVC*HC:71046*267.80*181.66****1~DTM*472*20241206~CAS*CO*45*86.14*1~CLP*CLM001575*1*261.31*191.89*30.80*12*CIGNA001575~CAS*CO*45*69.42*1~SVC*HC:71046*261.31*191.89****1~DTM*472*20241223~CAS*CO*45*69.42*1~CLP*CLM001576*1*235.99*179.23*26.18*12*CIGNA001576~CAS*CO*45*56.76*1~SVC*HC:71046*235.99*179.23****1~DTM*472*20241205~CAS*CO*45*56.76*1~CLP*CLM001577*1*265.92*164.27*34.95*12*CIGNA001577~CAS*CO*45*101.65*1~SVC*HC:71046*265.92*164.27****1~DTM*472*20241215~CAS*CO*45*101.65*1~CLP*CLM001578*1*236.96*163.33*14.83*12*CIGNA001578~CAS*CO*45*73.63*1~SVC*HC:71046*236.96*163.33****1~DTM*472*20241226~CAS*CO*45*73.63*1~CLP*CLM001579*1*1131.84*836.51*27.35*12*CIGNA001579~CAS*CO*45*295.33*1~SVC*HC:96413*1131.84*836.51****1~DTM*472*20241230~CAS*CO*45*295.33*1~CLP*CLM001580*1*1220.64*856.19*27.84*12*CIGNA001580~CAS*CO*45*364.45*1~SVC*HC:96413*1220.64*856.19****1~DTM*472*20241227~CAS*CO*45*364.45*1~CLP*CLM001581*1*1184.53*897.66*24.57*12*CIGNA001581~CAS*CO*45*286.87*1~SVC*HC:96413*1184.53*897.66****1~DTM*472*20241225~CAS*CO*45*286.87*1~CLP*CLM001582*1*1192.70*916.15*13.27*12*CIGNA001582~CAS*CO*45*276.55*1~SVC*HC:96413*1192.70*916.15****1~DTM*472*20241228~CAS*CO*45*276.55*1~CLP*CLM001583*1*1337.16*939.99*36.06*12*CIGNA001583~CAS*CO*45*397.17*1~SVC*HC:96413*1337.16*939.99****1~DTM*472*20241211~CAS*CO*45*397.17*1~CLP*CLM001584*1*1320.60*849.63*16.62*12*CIGNA001584~CAS*CO*45*470.97*1~SVC*HC:96413*1320.60*849.63****1~DTM*472*20241214~CAS*CO*45*470.97*1~CLP*CLM001585*1*1306.63*959.33*34.74*12*CIGNA001585~CAS*CO*45*347.30*1~SVC*HC:96413*1306.63*959.33****1~DTM*472*20241229~CAS*CO*45*347.30*1~CLP*CLM001586*1*1205.89*971.25*16.43*12*CIGNA001586~CAS*CO*45*234.64*1~SVC*HC:96413*1205.89*971.25****1~DTM*472*20241206~CAS*CO*45*234.64*1~CLP*CLM001587*1*1245.38*889.32*15.03*12*CIGNA001587~CAS*CO*45*356.06*1~SVC*HC:96413*1245.38*889.32****1~DTM*472*20241230~CAS*CO*45*356.06*1~CLP*CLM001588*1*1187.87*942.92*17.64*12*CIGNA001588~CAS*CO*45*244.95*1~SVC*HC:96413*1187.87*942.92****1~DTM*472*20241203~CAS*CO*45*244.95*1~CLP*CLM001589*1*1141.07*930.42*17.25*12*CIGNA001589~CAS*CO*45*210.65*1~SVC*HC:96413*1141.07*930.42****1~DTM*472*20241220~CAS*CO*45*210.65*1~CLP*CLM001590*1*1166.37*978.13*29.93*12*CIGNA001590~CAS*CO*45*188.24*1~SVC*HC:96413*1166.37*978.13****1~DTM*472*20241210~CAS*CO*45*188.24*1~CLP*CLM001591*1*538.62*404.98*30.55*12*CIGNA001591~CAS*CO*45*133.64*1~SVC*HC:96365*538.62*404.98****1~DTM*472*20241222~CAS*CO*45*133.64*1~CLP*CLM001592*1*581.64*402.83*30.75*12*CIGNA001592~CAS*CO*45*178.81*1~SVC*HC:96365*581.64*402.83****1~DTM*472*20241223~CAS*CO*45*178.81*1~CLP*CLM001593*1*610.32*413.79*19.13*12*CIGNA001593~CAS*CO*45*196.53*1~SVC*HC:96365*610.32*413.79****1~DTM*472*20241212~CAS*CO*45*196.53*1~CLP*CLM001594*1*614.67*415.56*19.54*12*CIGNA001594~CAS*CO*45*199.11*1~SVC*HC:96365*614.67*415.56****1~DTM*472*20241230~CAS*CO*45*199.11*1~CLP*CLM001595*1*646.58*407.61*18.44*12*CIGNA001595~CAS*CO*45*238.97*1~SVC*HC:96365*646.58*407.61****1~DTM*472*20241209~CAS*CO*45*238.97*1~CLP*CLM001596*1*622.28*431.72*13.74*12*CIGNA001596~CAS*CO*45*190.56*1~SVC*HC:96365*622.28*431.72****1~DTM*472*20241202~CAS*CO*45*190.56*1~CLP*CLM001597*1*604.17*384.30*26.79*12*CIGNA001597~CAS*CO*45*219.87*1~SVC*HC:96365*604.17*384.30****1~DTM*472*20241212~CAS*CO*45*219.87*1~CLP*CLM001598*1*617.39*421.10*33.50*12*CIGNA001598~CAS*CO*45*196.29*1~SVC*HC:96365*617.39*421.10****1~DTM*472*20241206~CAS*CO*45*196.29*1~CLP*CLM001599*1*545.99*458.03*16.34*12*CIGNA001599~CAS*CO*45*87.96*1~SVC*HC:96365*545.99*458.03****1~DTM*472*20241220~CAS*CO*45*87.96*1~CLP*CLM001600*1*580.73*434.96*21.52*12*CIGNA001600~CAS*CO*45*145.77*1~SVC*HC:96365*580.73*434.96****1~DTM*472*20241205~CAS*CO*45*145.77*1~CLP*CLM001601*1*620.75*383.65*23.19*12*CIGNA001601~CAS*CO*45*237.10*1~SVC*HC:96365*620.75*383.65****1~DTM*472*20241212~CAS*CO*45*237.10*1~CLP*CLM001602*1*640.86*408.42*19.86*12*CIGNA001602~CAS*CO*45*232.44*1~SVC*HC:96365*640.86*408.42****1~DTM*472*20241202~CAS*CO*45*232.44*1~CLP*CLM001603*1*609.06*428.83*29.05*12*CIGNA001603~CAS*CO*45*180.23*1~SVC*HC:96365*609.06*428.83****1~DTM*472*20241231~CAS*CO*45*180.23*1~CLP*CLM001604*1*581.41*409.16*27.51*12*CIGNA001604~CAS*CO*45*172.25*1~SVC*HC:96365*581.41*409.16****1~DTM*472*20241203~CAS*CO*45*172.25*1~CLP*CLM001605*1*591.46*426.21*17.49*12*CIGNA001605~CAS*CO*45*165.25*1~SVC*HC:96365*591.46*426.21****1~DTM*472*20241213~CAS*CO*45*165.25*1~CLP*CLM001606*1*561.97*404.41*13.14*12*CIGNA001606~CAS*CO*45*157.56*1~SVC*HC:96365*561.97*404.41****1~DTM*472*20241231~CAS*CO*45*157.56*1~CLP*CLM001607*1*615.72*387.53*16.77*12*CIGNA001607~CAS*CO*45*228.19*1~SVC*HC:96365*615.72*387.53****1~DTM*472*20241216~CAS*CO*45*228.19*1~CLP*CLM001608*1*636.63*421.49*19.80*12*CIGNA001608~CAS*CO*45*215.14*1~SVC*HC:96365*636.63*421.49****1~DTM*472*20241204~CAS*CO*45*215.14*1~CLP*CLM001609*1*5598.10*3999.89*14.55*12*CIGNA001609~CAS*CO*45*1598.21*1~SVC*HC:J1745*5598.10*3999.89****1~DTM*472*20241215~CAS*CO*45*1598.21*1~CLP*CLM001610*1*6011.57*3960.24*33.59*12*CIGNA001610~CAS*CO*45*2051.33*1~SVC*HC:J1745*6011.57*3960.24****1~DTM*472*20241223~CAS*CO*45*2051.33*1~CLP*CLM001611*1*5869.65*4549.84*20.21*12*CIGNA001611~CAS*CO*45*1319.81*1~SVC*HC:J1745*5869.65*4549.84****1~DTM*472*20241204~CAS*CO*45*1319.81*1~CLP*CLM001612*1*5379.09*3894.01*22.44*12*CIGNA001612~CAS*CO*45*1485.08*1~SVC*HC:J1745*5379.09*3894.01****1~DTM*472*20241206~CAS*CO*45*1485.08*1~CLP*CLM001613*1*5815.45*4534.89*24.73*12*CIGNA001613~CAS*CO*45*1280.56*1~SVC*HC:J1745*5815.45*4534.89****1~DTM*472*20241203~CAS*CO*45*1280.56*1~CLP*CLM001614*1*6429.85*4460.83*29.03*12*CIGNA001614~CAS*CO*45*1969.02*1~SVC*HC:J1745*6429.85*4460.83****1~DTM*472*20241211~CAS*CO*45*1969.02*1~CLP*CLM001615*1*6126.42*4340.99*14.78*12*CIGNA001615~CAS*CO*45*1785.43*1~SVC*HC:J1745*6126.42*4340.99****1~DTM*472*20241218~CAS*CO*45*1785.43*1~CLP*CLM001616*1*6340.21*4235.42*26.10*12*CIGNA001616~CAS*CO*45*2104.79*1~SVC*HC:J1745*6340.21*4235.42****1~DTM*472*20241228~CAS*CO*45*2104.79*1~CLP*CLM001617*1*2698.55*1723.28*17.12*12*CIGNA001617~CAS*CO*45*975.27*1~SVC*HC:99285*2698.55*1723.28****1~DTM*472*20241223~CAS*CO*45*975.27*1~CLP*CLM001618*1*2742.13*1900.95*34.64*12*CIGNA001618~CAS*CO*45*841.18*1~SVC*HC:99285*2742.13*1900.95****1~DTM*472*20241217~CAS*CO*45*841.18*1~CLP*CLM001619*1*2841.30*1747.97*21.74*12*CIGNA001619~CAS*CO*45*1093.33*1~SVC*HC:99285*2841.30*1747.97****1~DTM*472*20241226~CAS*CO*45*1093.33*1~CLP*CLM001620*1*2740.41*1716.38*23.64*12*CIGNA001620~CAS*CO*45*1024.03*1~SVC*HC:99285*2740.41*1716.38****1~DTM*472*20241201~CAS*CO*45*1024.03*1~CLP*CLM001621*1*2627.44*1798.53*19.08*12*CIGNA001621~CAS*CO*45*828.91*1~SVC*HC:99285*2627.44*1798.53****1~DTM*472*20241215~CAS*CO*45*828.91*1~CLP*CLM001622*1*2616.75*1962.35*24.13*12*CIGNA001622~CAS*CO*45*654.40*1~SVC*HC:99285*2616.75*1962.35****1~DTM*472*20241220~CAS*CO*45*654.40*1~CLP*CLM001623*1*2365.06*1992.17*18.16*12*CIGNA001623~CAS*CO*45*372.89*1~SVC*HC:99285*2365.06*1992.17****1~DTM*472*20241213~CAS*CO*45*372.89*1~CLP*CLM001624*1*2703.37*2034.85*19.21*12*CIGNA001624~CAS*CO*45*668.52*1~SVC*HC:99285*2703.37*2034.85****1~DTM*472*20241217~CAS*CO*45*668.52*1~CLP*CLM001625*1*1347.15*962.52*14.04*12*CIGNA001625~CAS*CO*45*384.63*1~SVC*HC:99284*1347.15*962.52****1~DTM*472*20241219~CAS*CO*45*384.63*1~CLP*CLM001626*1*1501.62*896.46*31.31*12*CIGNA001626~CAS*CO*45*605.16*1~SVC*HC:99284*1501.62*896.46****1~DTM*472*20241221~CAS*CO*45*605.16*1~CLP*CLM001627*1*1362.62*896.54*29.19*12*CIGNA001627~CAS*CO*45*466.08*1~SVC*HC:99284*1362.62*896.54****1~DTM*472*20241217~CAS*CO*45*466.08*1~CLP*CLM001628*1*1475.71*949.52*14.64*12*CIGNA001628~CAS*CO*45*526.19*1~SVC*HC:99284*1475.71*949.52****1~DTM*472*20241225~CAS*CO*45*526.19*1~CLP*CLM001629*1*1396.09*990.06*21.09*12*CIGNA001629~CAS*CO*45*406.03*1~SVC*HC:99284*1396.09*990.06****1~DTM*472*20241225~CAS*CO*45*406.03*1~CLP*CLM001630*1*1353.51*1071.39*26.04*12*CIGNA001630~CAS*CO*45*282.12*1~SVC*HC:99284*1353.51*1071.39****1~DTM*472*20241230~CAS*CO*45*282.12*1~CLP*CLM001631*1*1462.93*1052.17*36.77*12*CIGNA001631~CAS*CO*45*410.76*1~SVC*HC:99284*1462.93*1052.17****1~DTM*472*20241217~CAS*CO*45*410.76*1~CLP*CLM001632*1*1279.98*911.99*27.24*12*CIGNA001632~CAS*CO*45*367.99*1~SVC*HC:99284*1279.98*911.99****1~DTM*472*20241211~CAS*CO*45*367.99*1~CLP*CLM001633*1*1296.67*1065.21*26.34*12*CIGNA001633~CAS*CO*45*231.46*1~SVC*HC:99284*1296.67*1065.21****1~DTM*472*20241231~CAS*CO*45*231.46*1~CLP*CLM001634*1*1480.37*1066.42*33.52*12*CIGNA001634~CAS*CO*45*413.95*1~SVC*HC:99284*1480.37*1066.42****1~DTM*472*20241228~CAS*CO*45*413.95*1~CLP*CLM001635*1*1288.67*897.46*32.96*12*CIGNA001635~CAS*CO*45*391.21*1~SVC*HC:99284*1288.67*897.46****1~DTM*472*20241231~CAS*CO*45*391.21*1~CLP*CLM001636*1*1269.15*989.96*22.97*12*CIGNA001636~CAS*CO*45*279.19*1~SVC*HC:99284*1269.15*989.96****1~DTM*472*20241210~CAS*CO*45*279.19*1~CLP*CLM001637*1*745.97*593.27*25.89*12*CIGNA001637~CAS*CO*45*152.70*1~SVC*HC:99283*745.97*593.27****1~DTM*472*20241221~CAS*CO*45*152.70*1~CLP*CLM001638*1*883.72*541.56*34.17*12*CIGNA001638~CAS*CO*45*342.16*1~SVC*HC:99283*883.72*541.56****1~DTM*472*20241205~CAS*CO*45*342.16*1~CLP*CLM001639*1*832.22*541.86*24.37*12*CIGNA001639~CAS*CO*45*290.36*1~SVC*HC:99283*832.22*541.86****1~DTM*472*20241229~CAS*CO*45*290.36*1~CLP*CLM001640*1*867.63*592.20*34.54*12*CIGNA001640~CAS*CO*45*275.43*1~SVC*HC:99283*867.63*592.20****1~DTM*472*20241219~CAS*CO*45*275.43*1~CLP*CLM001641*1*871.08*526.78*24.41*12*CIGNA001641~CAS*CO*45*344.30*1~SVC*HC:99283*871.08*526.78****1~DTM*472*20241203~CAS*CO*45*344.30*1~CLP*CLM001642*1*834.97*527.27*14.47*12*CIGNA001642~CAS*CO*45*307.70*1~SVC*HC:99283*834.97*527.27****1~DTM*472*20241219~CAS*CO*45*307.70*1~CLP*CLM001643*1*765.04*552.70*35.07*12*CIGNA001643~CAS*CO*45*212.34*1~SVC*HC:99283*765.04*552.70****1~DTM*472*20241219~CAS*CO*45*212.34*1~CLP*CLM001644*1*834.57*570.32*30.36*12*CIGNA001644~CAS*CO*45*264.25*1~SVC*HC:99283*834.57*570.32****1~DTM*472*20241216~CAS*CO*45*264.25*1~CLP*CLM001645*1*67.61*51.73*25.05*12*CIGNA001645~CAS*CO*45*15.88*1~SVC*HC:80053*67.61*51.73****1~DTM*472*20241221~CAS*CO*45*15.88*1~CLP*CLM001646*1*66.77*52.38*35.01*12*CIGNA001646~CAS*CO*45*14.39*1~SVC*HC:80053*66.77*52.38****1~DTM*472*20241226~CAS*CO*45*14.39*1~CLP*CLM001647*1*65.74*50.95*32.51*12*CIGNA001647~CAS*CO*45*14.79*1~SVC*HC:80053*65.74*50.95****1~DTM*472*20241215~CAS*CO*45*14.79*1~CLP*CLM001648*1*61.10*43.90*29.44*12*CIGNA001648~CAS*CO*45*17.20*1~SVC*HC:80053*61.10*43.90****1~DTM*472*20241215~CAS*CO*45*17.20*1~CLP*CLM001649*1*66.52*47.19*28.01*12*CIGNA001649~CAS*CO*45*19.33*1~SVC*HC:80053*66.52*47.19****1~DTM*472*20241211~CAS*CO*45*19.33*1~CLP*CLM001650*1*64.49*49.02*15.51*12*CIGNA001650~CAS*CO*45*15.47*1~SVC*HC:80053*64.49*49.02****1~DTM*472*20241223~CAS*CO*45*15.47*1~CLP*CLM001651*1*73.54*46.27*31.43*12*CIGNA001651~CAS*CO*45*27.27*1~SVC*HC:80053*73.54*46.27****1~DTM*472*20241212~CAS*CO*45*27.27*1~CLP*CLM001652*1*62.05*52.56*16.82*12*CIGNA001652~CAS*CO*45*9.49*1~SVC*HC:80053*62.05*52.56****1~DTM*472*20241212~CAS*CO*45*9.49*1~CLP*CLM001653*1*61.72*48.14*37.11*12*CIGNA001653~CAS*CO*45*13.58*1~SVC*HC:80053*61.72*48.14****1~DTM*472*20241208~CAS*CO*45*13.58*1~CLP*CLM001654*1*63.88*47.68*36.80*12*CIGNA001654~CAS*CO*45*16.20*1~SVC*HC:80053*63.88*47.68****1~DTM*472*20241208~CAS*CO*45*16.20*1~CLP*CLM001655*1*60.98*44.55*32.71*12*CIGNA001655~CAS*CO*45*16.43*1~SVC*HC:80053*60.98*44.55****1~DTM*472*20241231~CAS*CO*45*16.43*1~CLP*CLM001656*1*68.55*46.89*15.65*12*CIGNA001656~CAS*CO*45*21.66*1~SVC*HC:80053*68.55*46.89****1~DTM*472*20241208~CAS*CO*45*21.66*1~CLP*CLM001657*1*72.39*52.44*23.08*12*CIGNA001657~CAS*CO*45*19.95*1~SVC*HC:80053*72.39*52.44****1~DTM*472*20241227~CAS*CO*45*19.95*1~CLP*CLM001658*1*68.04*46.34*37.21*12*CIGNA001658~CAS*CO*45*21.70*1~SVC*HC:80053*68.04*46.34****1~DTM*472*20241211~CAS*CO*45*21.70*1~CLP*CLM001659*1*62.44*45.02*23.38*12*CIGNA001659~CAS*CO*45*17.42*1~SVC*HC:80053*62.44*45.02****1~DTM*472*20241217~CAS*CO*45*17.42*1~CLP*CLM001660*1*72.08*47.68*37.43*12*CIGNA001660~CAS*CO*45*24.40*1~SVC*HC:80053*72.08*47.68****1~DTM*472*20241216~CAS*CO*45*24.40*1~CLP*CLM001661*1*72.97*43.42*28.18*12*CIGNA001661~CAS*CO*45*29.55*1~SVC*HC:80053*72.97*43.42****1~DTM*472*20241217~CAS*CO*45*29.55*1~CLP*CLM001662*1*63.53*47.59*33.35*12*CIGNA001662~CAS*CO*45*15.94*1~SVC*HC:80053*63.53*47.59****1~DTM*472*20241219~CAS*CO*45*15.94*1~CLP*CLM001663*1*60.98*46.59*18.95*12*CIGNA001663~CAS*CO*45*14.39*1~SVC*HC:80053*60.98*46.59****1~DTM*472*20241216~CAS*CO*45*14.39*1~CLP*CLM001664*1*71.59*48.94*35.27*12*CIGNA001664~CAS*CO*45*22.65*1~SVC*HC:80053*71.59*48.94****1~DTM*472*20241222~CAS*CO*45*22.65*1~CLP*CLM001665*1*67.49*47.72*35.35*12*CIGNA001665~CAS*CO*45*19.77*1~SVC*HC:80053*67.49*47.72****1~DTM*472*20241228~CAS*CO*45*19.77*1~CLP*CLM001666*1*62.09*44.23*14.18*12*CIGNA001666~CAS*CO*45*17.86*1~SVC*HC:80053*62.09*44.23****1~DTM*472*20241209~CAS*CO*45*17.86*1~CLP*CLM001667*1*70.54*50.18*22.20*12*CIGNA001667~CAS*CO*45*20.36*1~SVC*HC:80053*70.54*50.18****1~DTM*472*20241212~CAS*CO*45*20.36*1~CLP*CLM001668*1*60.99*43.63*22.43*12*CIGNA001668~CAS*CO*45*17.36*1~SVC*HC:80053*60.99*43.63****1~DTM*472*20241218~CAS*CO*45*17.36*1~CLP*CLM001669*1*67.71*45.07*20.65*12*CIGNA001669~CAS*CO*45*22.64*1~SVC*HC:80053*67.71*45.07****1~DTM*472*20241203~CAS*CO*45*22.64*1~CLP*CLM001670*1*66.33*46.91*19.41*12*CIGNA001670~CAS*CO*45*19.42*1~SVC*HC:80053*66.33*46.91****1~DTM*472*20241218~CAS*CO*45*19.42*1~CLP*CLM001671*1*73.55*45.89*23.95*12*CIGNA001671~CAS*CO*45*27.66*1~SVC*HC:80053*73.55*45.89****1~DTM*472*20241222~CAS*CO*45*27.66*1~CLP*CLM001672*1*62.02*49.07*34.34*12*CIGNA001672~CAS*CO*45*12.95*1~SVC*HC:80053*62.02*49.07****1~DTM*472*20241204~CAS*CO*45*12.95*1~CLP*CLM001673*1*70.95*46.98*32.16*12*CIGNA001673~CAS*CO*45*23.97*1~SVC*HC:80053*70.95*46.98****1~DTM*472*20241211~CAS*CO*45*23.97*1~CLP*CLM001674*1*65.20*48.56*28.08*12*CIGNA001674~CAS*CO*45*16.64*1~SVC*HC:80053*65.20*48.56****1~DTM*472*20241205~CAS*CO*45*16.64*1~CLP*CLM001675*1*67.12*45.11*25.56*12*CIGNA001675~CAS*CO*45*22.01*1~SVC*HC:80053*67.12*45.11****1~DTM*472*20241217~CAS*CO*45*22.01*1~CLP*CLM001676*1*60.82*43.59*22.99*12*CIGNA001676~CAS*CO*45*17.23*1~SVC*HC:80053*60.82*43.59****1~DTM*472*20241223~CAS*CO*45*17.23*1~CLP*CLM001677*1*66.65*46.40*22.86*12*CIGNA001677~CAS*CO*45*20.25*1~SVC*HC:80053*66.65*46.40****1~DTM*472*20241215~CAS*CO*45*20.25*1~CLP*CLM001678*1*72.27*44.63*16.20*12*CIGNA001678~CAS*CO*45*27.64*1~SVC*HC:80053*72.27*44.63****1~DTM*472*20241205~CAS*CO*45*27.64*1~CLP*CLM001679*1*68.52*46.35*27.20*12*CIGNA001679~CAS*CO*45*22.17*1~SVC*HC:80053*68.52*46.35****1~DTM*472*20241206~CAS*CO*45*22.17*1~CLP*CLM001680*1*68.56*46.97*31.46*12*CIGNA001680~CAS*CO*45*21.59*1~SVC*HC:80053*68.56*46.97****1~DTM*472*20241227~CAS*CO*45*21.59*1~CLP*CLM001681*1*64.81*46.07*35.99*12*CIGNA001681~CAS*CO*45*18.74*1~SVC*HC:80053*64.81*46.07****1~DTM*472*20241227~CAS*CO*45*18.74*1~CLP*CLM001682*1*66.86*48.09*35.62*12*CIGNA001682~CAS*CO*45*18.77*1~SVC*HC:80053*66.86*48.09****1~DTM*472*20241219~CAS*CO*45*18.77*1~CLP*CLM001683*1*71.23*46.08*26.57*12*CIGNA001683~CAS*CO*45*25.15*1~SVC*HC:80053*71.23*46.08****1~DTM*472*20241212~CAS*CO*45*25.15*1~CLP*CLM001684*1*61.77*46.38*15.02*12*CIGNA001684~CAS*CO*45*15.39*1~SVC*HC:80053*61.77*46.38****1~DTM*472*20241214~CAS*CO*45*15.39*1~CLP*CLM001685*1*70.98*48.80*19.65*12*CIGNA001685~CAS*CO*45*22.18*1~SVC*HC:80053*70.98*48.80****1~DTM*472*20241224~CAS*CO*45*22.18*1~CLP*CLM001686*1*68.73*51.57*25.89*12*CIGNA001686~CAS*CO*45*17.16*1~SVC*HC:80053*68.73*51.57****1~DTM*472*20241220~CAS*CO*45*17.16*1~CLP*CLM001687*1*73.26*47.76*21.10*12*CIGNA001687~CAS*CO*45*25.50*1~SVC*HC:80053*73.26*47.76****1~DTM*472*20241226~CAS*CO*45*25.50*1~CLP*CLM001688*1*68.05*52.53*22.77*12*CIGNA001688~CAS*CO*45*15.52*1~SVC*HC:80053*68.05*52.53****1~DTM*472*20241208~CAS*CO*45*15.52*1~CLP*CLM001689*1*68.12*50.13*22.08*12*CIGNA001689~CAS*CO*45*17.99*1~SVC*HC:80053*68.12*50.13****1~DTM*472*20241206~CAS*CO*45*17.99*1~CLP*CLM001690*1*40.73*28.14*24.64*12*CIGNA001690~CAS*CO*45*12.59*1~SVC*HC:85025*40.73*28.14****1~DTM*472*20241225~CAS*CO*45*12.59*1~CLP*CLM001691*1*36.25*29.91*27.72*12*CIGNA001691~CAS*CO*45*6.34*1~SVC*HC:85025*36.25*29.91****1~DTM*472*20241222~CAS*CO*45*6.34*1~CLP*CLM001692*1*39.57*26.56*13.44*12*CIGNA001692~CAS*CO*45*13.01*1~SVC*HC:85025*39.57*26.56****1~DTM*472*20241223~CAS*CO*45*13.01*1~CLP*CLM001693*1*35.25*25.82*19.39*12*CIGNA001693~CAS*CO*45*9.43*1~SVC*HC:85025*35.25*25.82****1~DTM*472*20241211~CAS*CO*45*9.43*1~CLP*CLM001694*1*38.32*27.55*16.10*12*CIGNA001694~CAS*CO*45*10.77*1~SVC*HC:85025*38.32*27.55****1~DTM*472*20241207~CAS*CO*45*10.77*1~CLP*CLM001695*1*41.14*27.50*27.72*12*CIGNA001695~CAS*CO*45*13.64*1~SVC*HC:85025*41.14*27.50****1~DTM*472*20241230~CAS*CO*45*13.64*1~CLP*CLM001696*1*41.72*27.84*29.84*12*CIGNA001696~CAS*CO*45*13.88*1~SVC*HC:85025*41.72*27.84****1~DTM*472*20241224~CAS*CO*45*13.88*1~CLP*CLM001697*1*36.18*25.55*13.47*12*CIGNA001697~CAS*CO*45*10.63*1~SVC*HC:85025*36.18*25.55****1~DTM*472*20241207~CAS*CO*45*10.63*1~CLP*CLM001698*1*42.89*28.34*34.74*12*CIGNA001698~CAS*CO*45*14.55*1~SVC*HC:85025*42.89*28.34****1~DTM*472*20241216~CAS*CO*45*14.55*1~CLP*CLM001699*1*37.55*28.14*20.79*12*CIGNA001699~CAS*CO*45*9.41*1~SVC*HC:85025*37.55*28.14****1~DTM*472*20241206~CAS*CO*45*9.41*1~CLP*CLM001700*1*39.26*27.77*18.44*12*CIGNA001700~CAS*CO*45*11.49*1~SVC*HC:85025*39.26*27.77****1~DTM*472*20241218~CAS*CO*45*11.49*1~CLP*CLM001701*1*41.12*27.18*31.14*12*CIGNA001701~CAS*CO*45*13.94*1~SVC*HC:85025*41.12*27.18****1~DTM*472*20241224~CAS*CO*45*13.94*1~CLP*CLM001702*1*41.37*29.01*35.52*12*CIGNA001702~CAS*CO*45*12.36*1~SVC*HC:85025*41.37*29.01****1~DTM*472*20241209~CAS*CO*45*12.36*1~CLP*CLM001703*1*36.60*28.62*34.93*12*CIGNA001703~CAS*CO*45*7.98*1~SVC*HC:85025*36.60*28.62****1~DTM*472*20241208~CAS*CO*45*7.98*1~CLP*CLM001704*1*37.43*26.76*13.01*12*CIGNA001704~CAS*CO*45*10.67*1~SVC*HC:85025*37.43*26.76****1~DTM*472*20241231~CAS*CO*45*10.67*1~CLP*CLM001705*1*37.42*30.65*32.93*12*CIGNA001705~CAS*CO*45*6.77*1~SVC*HC:85025*37.42*30.65****1~DTM*472*20241210~CAS*CO*45*6.77*1~CLP*CLM001706*1*40.48*29.15*20.08*12*CIGNA001706~CAS*CO*45*11.33*1~SVC*HC:85025*40.48*29.15****1~DTM*472*20241216~CAS*CO*45*11.33*1~CLP*CLM001707*1*37.82*26.98*19.51*12*CIGNA001707~CAS*CO*45*10.84*1~SVC*HC:85025*37.82*26.98****1~DTM*472*20241230~CAS*CO*45*10.84*1~CLP*CLM001708*1*40.73*30.43*24.79*12*CIGNA001708~CAS*CO*45*10.30*1~SVC*HC:85025*40.73*30.43****1~DTM*472*20241210~CAS*CO*45*10.30*1~CLP*CLM001709*1*40.38*25.88*29.90*12*CIGNA001709~CAS*CO*45*14.50*1~SVC*HC:85025*40.38*25.88****1~DTM*472*20241213~CAS*CO*45*14.50*1~CLP*CLM001710*1*38.18*30.22*14.96*12*CIGNA001710~CAS*CO*45*7.96*1~SVC*HC:85025*38.18*30.22****1~DTM*472*20241212~CAS*CO*45*7.96*1~CLP*CLM001711*1*41.38*30.55*34.22*12*CIGNA001711~CAS*CO*45*10.83*1~SVC*HC:85025*41.38*30.55****1~DTM*472*20241210~CAS*CO*45*10.83*1~CLP*CLM001712*1*42.55*25.44*15.86*12*CIGNA001712~CAS*CO*45*17.11*1~SVC*HC:85025*42.55*25.44****1~DTM*472*20241203~CAS*CO*45*17.11*1~CLP*CLM001713*1*38.55*27.14*36.86*12*CIGNA001713~CAS*CO*45*11.41*1~SVC*HC:85025*38.55*27.14****1~DTM*472*20241209~CAS*CO*45*11.41*1~CLP*CLM001714*1*36.77*29.39*23.58*12*CIGNA001714~CAS*CO*45*7.38*1~SVC*HC:85025*36.77*29.39****1~DTM*472*20241227~CAS*CO*45*7.38*1~CLP*CLM001715*1*42.38*28.22*33.15*12*CIGNA001715~CAS*CO*45*14.16*1~SVC*HC:85025*42.38*28.22****1~DTM*472*20241223~CAS*CO*45*14.16*1~CLP*CLM001716*1*35.95*26.72*19.24*12*CIGNA001716~CAS*CO*45*9.23*1~SVC*HC:85025*35.95*26.72****1~DTM*472*20241224~CAS*CO*45*9.23*1~CLP*CLM001717*1*36.99*28.49*22.92*12*CIGNA001717~CAS*CO*45*8.50*1~SVC*HC:85025*36.99*28.49****1~DTM*472*20241222~CAS*CO*45*8.50*1~CLP*CLM001718*1*36.86*30.27*28.64*12*CIGNA001718~CAS*CO*45*6.59*1~SVC*HC:85025*36.86*30.27****1~DTM*472*20241208~CAS*CO*45*6.59*1~CLP*CLM001719*1*38.32*25.49*17.20*12*CIGNA001719~CAS*CO*45*12.83*1~SVC*HC:85025*38.32*25.49****1~DTM*472*20241223~CAS*CO*45*12.83*1~CLP*CLM001720*1*40.41*27.85*17.78*12*CIGNA001720~CAS*CO*45*12.56*1~SVC*HC:85025*40.41*27.85****1~DTM*472*20241205~CAS*CO*45*12.56*1~CLP*CLM001721*1*39.39*25.23*33.10*12*CIGNA001721~CAS*CO*45*14.16*1~SVC*HC:85025*39.39*25.23****1~DTM*472*20241230~CAS*CO*45*14.16*1~CLP*CLM001722*1*40.19*26.08*31.02*12*CIGNA001722~CAS*CO*45*14.11*1~SVC*HC:85025*40.19*26.08****1~DTM*472*20241229~CAS*CO*45*14.11*1~CLP*CLM001723*1*38.82*30.12*31.49*12*CIGNA001723~CAS*CO*45*8.70*1~SVC*HC:85025*38.82*30.12****1~DTM*472*20241207~CAS*CO*45*8.70*1~CLP*CLM001724*1*37.34*29.43*34.18*12*CIGNA001724~CAS*CO*45*7.91*1~SVC*HC:85025*37.34*29.43****1~DTM*472*20241210~CAS*CO*45*7.91*1~CLP*CLM001725*1*42.18*28.82*33.03*12*CIGNA001725~CAS*CO*45*13.36*1~SVC*HC:85025*42.18*28.82****1~DTM*472*20241203~CAS*CO*45*13.36*1~CLP*CLM001726*1*36.91*28.85*25.38*12*CIGNA001726~CAS*CO*45*8.06*1~SVC*HC:85025*36.91*28.85****1~DTM*472*20241224~CAS*CO*45*8.06*1~CLP*CLM001727*1*42.41*29.25*16.47*12*CIGNA001727~CAS*CO*45*13.16*1~SVC*HC:85025*42.41*29.25****1~DTM*472*20241230~CAS*CO*45*13.16*1~CLP*CLM001728*1*38.36*30.36*20.28*12*CIGNA001728~CAS*CO*45*8.00*1~SVC*HC:85025*38.36*30.36****1~DTM*472*20241227~CAS*CO*45*8.00*1~CLP*CLM001729*1*42.27*26.18*25.17*12*CIGNA001729~CAS*CO*45*16.09*1~SVC*HC:85025*42.27*26.18****1~DTM*472*20241227~CAS*CO*45*16.09*1~CLP*CLM001730*1*38.96*27.42*15.89*12*CIGNA001730~CAS*CO*45*11.54*1~SVC*HC:85025*38.96*27.42****1~DTM*472*20241230~CAS*CO*45*11.54*1~CLP*CLM001731*1*41.90*29.39*33.78*12*CIGNA001731~CAS*CO*45*12.51*1~SVC*HC:85025*41.90*29.39****1~DTM*472*20241210~CAS*CO*45*12.51*1~CLP*CLM001732*1*35.17*30.11*34.48*12*CIGNA001732~CAS*CO*45*5.06*1~SVC*HC:85025*35.17*30.11****1~DTM*472*20241219~CAS*CO*45*5.06*1~CLP*CLM001733*1*42.34*28.58*13.22*12*CIGNA001733~CAS*CO*45*13.76*1~SVC*HC:85025*42.34*28.58****1~DTM*472*20241211~CAS*CO*45*13.76*1~CLP*CLM001734*1*42.81*26.79*17.32*12*CIGNA001734~CAS*CO*45*16.02*1~SVC*HC:85025*42.81*26.79****1~DTM*472*20241218~CAS*CO*45*16.02*1~CLP*CLM001735*1*42.04*28.14*33.32*12*CIGNA001735~CAS*CO*45*13.90*1~SVC*HC:85025*42.04*28.14****1~DTM*472*20241205~CAS*CO*45*13.90*1~CLP*CLM001736*1*38.75*29.97*33.42*12*CIGNA001736~CAS*CO*45*8.78*1~SVC*HC:85025*38.75*29.97****1~DTM*472*20241207~CAS*CO*45*8.78*1~CLP*CLM001737*1*37.68*29.73*18.74*12*CIGNA001737~CAS*CO*45*7.95*1~SVC*HC:85025*37.68*29.73****1~DTM*472*20241224~CAS*CO*45*7.95*1~CLP*CLM001738*1*37.11*27.77*23.91*12*CIGNA001738~CAS*CO*45*9.34*1~SVC*HC:85025*37.11*27.77****1~DTM*472*20241206~CAS*CO*45*9.34*1~CLP*CLM001739*1*37.73*25.28*35.45*12*CIGNA001739~CAS*CO*45*12.45*1~SVC*HC:85025*37.73*25.28****1~DTM*472*20241210~CAS*CO*45*12.45*1~CLP*CLM001740*1*41.01*28.38*30.12*12*CIGNA001740~CAS*CO*45*12.63*1~SVC*HC:85025*41.01*28.38****1~DTM*472*20241206~CAS*CO*45*12.63*1~CLP*CLM001741*1*40.08*28.62*19.35*12*CIGNA001741~CAS*CO*45*11.46*1~SVC*HC:85025*40.08*28.62****1~DTM*472*20241213~CAS*CO*45*11.46*1~CLP*CLM001742*1*39.12*29.83*33.09*12*CIGNA001742~CAS*CO*45*9.29*1~SVC*HC:85025*39.12*29.83****1~DTM*472*20241203~CAS*CO*45*9.29*1~CLP*CLM001743*1*35.84*27.44*25.13*12*CIGNA001743~CAS*CO*45*8.40*1~SVC*HC:85025*35.84*27.44****1~DTM*472*20241205~CAS*CO*45*8.40*1~CLP*CLM001744*1*42.40*27.87*28.39*12*CIGNA001744~CAS*CO*45*14.53*1~SVC*HC:85025*42.40*27.87****1~DTM*472*20241201~CAS*CO*45*14.53*1~CLP*CLM001745*1*23.68*17.14*15.60*12*CIGNA001745~CAS*CO*45*6.54*1~SVC*HC:81001*23.68*17.14****1~DTM*472*20241225~CAS*CO*45*6.54*1~CLP*CLM001746*1*24.15*17.16*13.26*12*CIGNA001746~CAS*CO*45*6.99*1~SVC*HC:81001*24.15*17.16****1~DTM*472*20241219~CAS*CO*45*6.99*1~CLP*CLM001747*1*22.56*18.80*21.81*12*CIGNA001747~CAS*CO*45*3.76*1~SVC*HC:81001*22.56*18.80****1~DTM*472*20241221~CAS*CO*45*3.76*1~CLP*CLM001748*1*23.68*17.49*27.35*12*CIGNA001748~CAS*CO*45*6.19*1~SVC*HC:81001*23.68*17.49****1~DTM*472*20241222~CAS*CO*45*6.19*1~CLP*CLM001749*1*24.03*16.63*16.94*12*CIGNA001749~CAS*CO*45*7.40*1~SVC*HC:81001*24.03*16.63****1~DTM*472*20241213~CAS*CO*45*7.40*1~CLP*CLM001750*1*27.12*18.67*34.26*12*CIGNA001750~CAS*CO*45*8.45*1~SVC*HC:81001*27.12*18.67****1~DTM*472*20241229~CAS*CO*45*8.45*1~CLP*CLM001751*1*24.05*18.73*27.17*12*CIGNA001751~CAS*CO*45*5.32*1~SVC*HC:81001*24.05*18.73****1~DTM*472*20241204~CAS*CO*45*5.32*1~CLP*CLM001752*1*27.20*18.50*21.24*12*CIGNA001752~CAS*CO*45*8.70*1~SVC*HC:81001*27.20*18.50****1~DTM*472*20241212~CAS*CO*45*8.70*1~CLP*CLM001753*1*23.60*18.41*16.59*12*CIGNA001753~CAS*CO*45*5.19*1~SVC*HC:81001*23.60*18.41****1~DTM*472*20241205~CAS*CO*45*5.19*1~CLP*CLM001754*1*24.77*17.92*34.86*12*CIGNA001754~CAS*CO*45*6.85*1~SVC*HC:81001*24.77*17.92****1~DTM*472*20241220~CAS*CO*45*6.85*1~CLP*CLM001755*1*26.01*17.55*31.22*12*CIGNA001755~CAS*CO*45*8.46*1~SVC*HC:81001*26.01*17.55****1~DTM*472*20241230~CAS*CO*45*8.46*1~CLP*CLM001756*1*25.19*17.89*29.72*12*CIGNA001756~CAS*CO*45*7.30*1~SVC*HC:81001*25.19*17.89****1~DTM*472*20241222~CAS*CO*45*7.30*1~CLP*CLM001757*1*26.31*19.17*19.63*12*CIGNA001757~CAS*CO*45*7.14*1~SVC*HC:81001*26.31*19.17****1~DTM*472*20241222~CAS*CO*45*7.14*1~CLP*CLM001758*1*26.87*18.92*22.16*12*CIGNA001758~CAS*CO*45*7.95*1~SVC*HC:81001*26.87*18.92****1~DTM*472*20241203~CAS*CO*45*7.95*1~CLP*CLM001759*1*25.14*18.09*16.57*12*CIGNA001759~CAS*CO*45*7.05*1~SVC*HC:81001*25.14*18.09****1~DTM*472*20241212~CAS*CO*45*7.05*1~CLP*CLM001760*1*25.32*16.48*26.81*12*CIGNA001760~CAS*CO*45*8.84*1~SVC*HC:81001*25.32*16.48****1~DTM*472*20241202~CAS*CO*45*8.84*1~CLP*CLM001761*1*27.01*19.18*36.62*12*CIGNA001761~CAS*CO*45*7.83*1~SVC*HC:81001*27.01*19.18****1~DTM*472*20241207~CAS*CO*45*7.83*1~CLP*CLM001762*1*23.25*18.26*33.93*12*CIGNA001762~CAS*CO*45*4.99*1~SVC*HC:81001*23.25*18.26****1~DTM*472*20241211~CAS*CO*45*4.99*1~CLP*CLM001763*1*24.71*19.28*28.68*12*CIGNA001763~CAS*CO*45*5.43*1~SVC*HC:81001*24.71*19.28****1~DTM*472*20241222~CAS*CO*45*5.43*1~CLP*CLM001764*1*25.42*16.94*29.44*12*CIGNA001764~CAS*CO*45*8.48*1~SVC*HC:81001*25.42*16.94****1~DTM*472*20241203~CAS*CO*45*8.48*1~CLP*CLM001765*1*173.09*134.97*19.23*12*CIGNA001765~CAS*CO*45*38.12*1~SVC*HC:90834*173.09*134.97****1~DTM*472*20241202~CAS*CO*45*38.12*1~CLP*CLM001766*1*175.46*123.84*22.74*12*CIGNA001766~CAS*CO*45*51.62*1~SVC*HC:90834*175.46*123.84****1~DTM*472*20241215~CAS*CO*45*51.62*1~CLP*CLM001767*1*177.06*126.60*13.00*12*CIGNA001767~CAS*CO*45*50.46*1~SVC*HC:90834*177.06*126.60****1~DTM*472*20241222~CAS*CO*45*50.46*1~CLP*CLM001768*1*182.81*132.67*32.01*12*CIGNA001768~CAS*CO*45*50.14*1~SVC*HC:90834*182.81*132.67****1~DTM*472*20241213~CAS*CO*45*50.14*1~CLP*CLM001769*1*157.61*118.86*31.69*12*CIGNA001769~CAS*CO*45*38.75*1~SVC*HC:90834*157.61*118.86****1~DTM*472*20241207~CAS*CO*45*38.75*1~CLP*CLM001770*1*159.09*126.96*12.72*12*CIGNA001770~CAS*CO*45*32.13*1~SVC*HC:90834*159.09*126.96****1~DTM*472*20241212~CAS*CO*45*32.13*1~CLP*CLM001771*1*176.44*130.01*35.29*12*CIGNA001771~CAS*CO*45*46.43*1~SVC*HC:90834*176.44*130.01****1~DTM*472*20241202~CAS*CO*45*46.43*1~CLP*CLM001772*1*159.92*135.86*28.68*12*CIGNA001772~CAS*CO*45*24.06*1~SVC*HC:90834*159.92*135.86****1~DTM*472*20241230~CAS*CO*45*24.06*1~CLP*CLM001773*1*167.55*124.30*27.53*12*CIGNA001773~CAS*CO*45*43.25*1~SVC*HC:90834*167.55*124.30****1~DTM*472*20241206~CAS*CO*45*43.25*1~CLP*CLM001774*1*184.30*131.72*12.71*12*CIGNA001774~CAS*CO*45*52.58*1~SVC*HC:90834*184.30*131.72****1~DTM*472*20241224~CAS*CO*45*52.58*1~CLP*CLM001775*1*172.21*128.65*18.81*12*CIGNA001775~CAS*CO*45*43.56*1~SVC*HC:90834*172.21*128.65****1~DTM*472*20241229~CAS*CO*45*43.56*1~CLP*CLM001776*1*187.94*122.06*32.63*12*CIGNA001776~CAS*CO*45*65.88*1~SVC*HC:90834*187.94*122.06****1~DTM*472*20241230~CAS*CO*45*65.88*1~CLP*CLM001777*1*160.31*121.94*20.14*12*CIGNA001777~CAS*CO*45*38.37*1~SVC*HC:90834*160.31*121.94****1~DTM*472*20241231~CAS*CO*45*38.37*1~CLP*CLM001778*1*176.38*129.04*36.68*12*CIGNA001778~CAS*CO*45*47.34*1~SVC*HC:90834*176.38*129.04****1~DTM*472*20241221~CAS*CO*45*47.34*1~CLP*CLM001779*1*161.65*134.01*28.57*12*CIGNA001779~CAS*CO*45*27.64*1~SVC*HC:90834*161.65*134.01****1~DTM*472*20241218~CAS*CO*45*27.64*1~CLP*CLM001780*1*161.96*122.33*23.10*12*CIGNA001780~CAS*CO*45*39.63*1~SVC*HC:90834*161.96*122.33****1~DTM*472*20241208~CAS*CO*45*39.63*1~CLP*CLM001781*1*183.97*133.37*21.91*12*CIGNA001781~CAS*CO*45*50.60*1~SVC*HC:90834*183.97*133.37****1~DTM*472*20241210~CAS*CO*45*50.60*1~CLP*CLM001782*1*182.67*124.08*21.22*12*CIGNA001782~CAS*CO*45*58.59*1~SVC*HC:90834*182.67*124.08****1~DTM*472*20241214~CAS*CO*45*58.59*1~CLP*CLM001783*1*186.32*125.80*18.80*12*CIGNA001783~CAS*CO*45*60.52*1~SVC*HC:90834*186.32*125.80****1~DTM*472*20241208~CAS*CO*45*60.52*1~CLP*CLM001784*1*162.93*124.02*24.17*12*CIGNA001784~CAS*CO*45*38.91*1~SVC*HC:90834*162.93*124.02****1~DTM*472*20241207~CAS*CO*45*38.91*1~CLP*CLM001785*1*182.88*135.94*29.43*12*CIGNA001785~CAS*CO*45*46.94*1~SVC*HC:90834*182.88*135.94****1~DTM*472*20241204~CAS*CO*45*46.94*1~CLP*CLM001786*1*180.61*113.31*33.11*12*CIGNA001786~CAS*CO*45*67.30*1~SVC*HC:90834*180.61*113.31****1~DTM*472*20241220~CAS*CO*45*67.30*1~CLP*CLM001787*1*188.43*131.65*22.43*12*CIGNA001787~CAS*CO*45*56.78*1~SVC*HC:90834*188.43*131.65****1~DTM*472*20241201~CAS*CO*45*56.78*1~CLP*CLM001788*1*159.86*118.52*15.06*12*CIGNA001788~CAS*CO*45*41.34*1~SVC*HC:90834*159.86*118.52****1~DTM*472*20241220~CAS*CO*45*41.34*1~CLP*CLM001789*1*178.42*113.34*25.29*12*CIGNA001789~CAS*CO*45*65.08*1~SVC*HC:90834*178.42*113.34****1~DTM*472*20241223~CAS*CO*45*65.08*1~CLP*CLM001790*1*166.07*134.31*29.06*12*CIGNA001790~CAS*CO*45*31.76*1~SVC*HC:90834*166.07*134.31****1~DTM*472*20241202~CAS*CO*45*31.76*1~CLP*CLM001791*1*165.70*122.56*33.58*12*CIGNA001791~CAS*CO*45*43.14*1~SVC*HC:90834*165.70*122.56****1~DTM*472*20241207~CAS*CO*45*43.14*1~CLP*CLM001792*1*184.66*131.36*21.86*12*CIGNA001792~CAS*CO*45*53.30*1~SVC*HC:90834*184.66*131.36****1~DTM*472*20241205~CAS*CO*45*53.30*1~CLP*CLM001793*1*167.62*125.10*28.68*12*CIGNA001793~CAS*CO*45*42.52*1~SVC*HC:90834*167.62*125.10****1~DTM*472*20241227~CAS*CO*45*42.52*1~CLP*CLM001794*1*177.66*135.41*27.73*12*CIGNA001794~CAS*CO*45*42.25*1~SVC*HC:90834*177.66*135.41****1~DTM*472*20241219~CAS*CO*45*42.25*1~CLP*CLM001795*1*181.04*127.45*19.96*12*CIGNA001795~CAS*CO*45*53.59*1~SVC*HC:90834*181.04*127.45****1~DTM*472*20241211~CAS*CO*45*53.59*1~CLP*CLM001796*1*188.17*118.42*15.20*12*CIGNA001796~CAS*CO*45*69.75*1~SVC*HC:90834*188.17*118.42****1~DTM*472*20241222~CAS*CO*45*69.75*1~CLP*CLM001797*1*171.97*125.53*14.10*12*CIGNA001797~CAS*CO*45*46.44*1~SVC*HC:90834*171.97*125.53****1~DTM*472*20241209~CAS*CO*45*46.44*1~CLP*CLM001798*1*190.70*114.02*37.21*12*CIGNA001798~CAS*CO*45*76.68*1~SVC*HC:90834*190.70*114.02****1~DTM*472*20241229~CAS*CO*45*76.68*1~CLP*CLM001799*1*163.63*130.88*28.51*12*CIGNA001799~CAS*CO*45*32.75*1~SVC*HC:90834*163.63*130.88****1~DTM*472*20241222~CAS*CO*45*32.75*1~CLP*CLM001800*1*174.85*123.18*34.04*12*CIGNA001800~CAS*CO*45*51.67*1~SVC*HC:90834*174.85*123.18****1~DTM*472*20241212~CAS*CO*45*51.67*1~CLP*CLM001801*1*181.00*136.04*19.03*12*CIGNA001801~CAS*CO*45*44.96*1~SVC*HC:90834*181.00*136.04****1~DTM*472*20241226~CAS*CO*45*44.96*1~CLP*CLM001802*1*181.87*125.61*30.28*12*CIGNA001802~CAS*CO*45*56.26*1~SVC*HC:90834*181.87*125.61****1~DTM*472*20241214~CAS*CO*45*56.26*1~CLP*CLM001803*1*170.68*116.23*34.81*12*CIGNA001803~CAS*CO*45*54.45*1~SVC*HC:90834*170.68*116.23****1~DTM*472*20241225~CAS*CO*45*54.45*1~CLP*CLM001804*1*165.93*125.95*19.97*12*CIGNA001804~CAS*CO*45*39.98*1~SVC*HC:90834*165.93*125.95****1~DTM*472*20241208~CAS*CO*45*39.98*1~CLP*CLM001805*1*182.27*120.02*16.25*12*CIGNA001805~CAS*CO*45*62.25*1~SVC*HC:90834*182.27*120.02****1~DTM*472*20241226~CAS*CO*45*62.25*1~CLP*CLM001806*1*159.52*124.08*31.64*12*CIGNA001806~CAS*CO*45*35.44*1~SVC*HC:90834*159.52*124.08****1~DTM*472*20241214~CAS*CO*45*35.44*1~CLP*CLM001807*1*177.01*136.69*34.99*12*CIGNA001807~CAS*CO*45*40.32*1~SVC*HC:90834*177.01*136.69****1~DTM*472*20241205~CAS*CO*45*40.32*1~CLP*CLM001808*1*166.42*122.21*32.64*12*CIGNA001808~CAS*CO*45*44.21*1~SVC*HC:90834*166.42*122.21****1~DTM*472*20241211~CAS*CO*45*44.21*1~CLP*CLM001809*1*189.78*128.67*32.56*12*CIGNA001809~CAS*CO*45*61.11*1~SVC*HC:90834*189.78*128.67****1~DTM*472*20241228~CAS*CO*45*61.11*1~CLP*CLM001810*1*176.25*121.78*27.50*12*CIGNA001810~CAS*CO*45*54.47*1~SVC*HC:90834*176.25*121.78****1~DTM*472*20241227~CAS*CO*45*54.47*1~CLP*CLM001811*1*166.90*117.26*29.01*12*CIGNA001811~CAS*CO*45*49.64*1~SVC*HC:90834*166.90*117.26****1~DTM*472*20241222~CAS*CO*45*49.64*1~CLP*CLM001812*1*158.88*127.62*29.52*12*CIGNA001812~CAS*CO*45*31.26*1~SVC*HC:90834*158.88*127.62****1~DTM*472*20241203~CAS*CO*45*31.26*1~CLP*CLM001813*1*184.16*117.20*30.53*12*CIGNA001813~CAS*CO*45*66.96*1~SVC*HC:90834*184.16*117.20****1~DTM*472*20241224~CAS*CO*45*66.96*1~CLP*CLM001814*1*165.10*129.29*28.89*12*CIGNA001814~CAS*CO*45*35.81*1~SVC*HC:90834*165.10*129.29****1~DTM*472*20241207~CAS*CO*45*35.81*1~CLP*CLM001815*1*223.28*177.19*37.44*12*CIGNA001815~CAS*CO*45*46.09*1~SVC*HC:90837*223.28*177.19****1~DTM*472*20241231~CAS*CO*45*46.09*1~CLP*CLM001816*1*217.69*178.50*18.99*12*CIGNA001816~CAS*CO*45*39.19*1~SVC*HC:90837*217.69*178.50****1~DTM*472*20241207~CAS*CO*45*39.19*1~CLP*CLM001817*1*213.32*180.25*22.96*12*CIGNA001817~CAS*CO*45*33.07*1~SVC*HC:90837*213.32*180.25****1~DTM*472*20241225~CAS*CO*45*33.07*1~CLP*CLM001818*1*219.11*164.30*22.21*12*CIGNA001818~CAS*CO*45*54.81*1~SVC*HC:90837*219.11*164.30****1~DTM*472*20241220~CAS*CO*45*54.81*1~CLP*CLM001819*1*226.22*171.72*13.38*12*CIGNA001819~CAS*CO*45*54.50*1~SVC*HC:90837*226.22*171.72****1~DTM*472*20241208~CAS*CO*45*54.50*1~CLP*CLM001820*1*243.73*166.72*30.20*12*CIGNA001820~CAS*CO*45*77.01*1~SVC*HC:90837*243.73*166.72****1~DTM*472*20241213~CAS*CO*45*77.01*1~CLP*CLM001821*1*237.87*163.89*26.80*12*CIGNA001821~CAS*CO*45*73.98*1~SVC*HC:90837*237.87*163.89****1~DTM*472*20241210~CAS*CO*45*73.98*1~CLP*CLM001822*1*231.59*157.13*17.25*12*CIGNA001822~CAS*CO*45*74.46*1~SVC*HC:90837*231.59*157.13****1~DTM*472*20241216~CAS*CO*45*74.46*1~CLP*CLM001823*1*244.99*163.88*30.66*12*CIGNA001823~CAS*CO*45*81.11*1~SVC*HC:90837*244.99*163.88****1~DTM*472*20241224~CAS*CO*45*81.11*1~CLP*CLM001824*1*246.70*163.99*18.06*12*CIGNA001824~CAS*CO*45*82.71*1~SVC*HC:90837*246.70*163.99****1~DTM*472*20241230~CAS*CO*45*82.71*1~CLP*CLM001825*1*222.36*155.20*25.87*12*CIGNA001825~CAS*CO*45*67.16*1~SVC*HC:90837*222.36*155.20****1~DTM*472*20241202~CAS*CO*45*67.16*1~CLP*CLM001826*1*218.12*167.06*32.12*12*CIGNA001826~CAS*CO*45*51.06*1~SVC*HC:90837*218.12*167.06****1~DTM*472*20241205~CAS*CO*45*51.06*1~CLP*CLM001827*1*233.46*149.04*35.16*12*CIGNA001827~CAS*CO*45*84.42*1~SVC*HC:90837*233.46*149.04****1~DTM*472*20241219~CAS*CO*45*84.42*1~CLP*CLM001828*1*227.19*167.61*29.30*12*CIGNA001828~CAS*CO*45*59.58*1~SVC*HC:90837*227.19*167.61****1~DTM*472*20241205~CAS*CO*45*59.58*1~CLP*CLM001829*1*218.53*154.97*25.18*12*CIGNA001829~CAS*CO*45*63.56*1~SVC*HC:90837*218.53*154.97****1~DTM*472*20241219~CAS*CO*45*63.56*1~CLP*CLM001830*1*230.97*176.00*33.64*12*CIGNA001830~CAS*CO*45*54.97*1~SVC*HC:90837*230.97*176.00****1~DTM*472*20241221~CAS*CO*45*54.97*1~CLP*CLM001831*1*223.50*179.63*33.52*12*CIGNA001831~CAS*CO*45*43.87*1~SVC*HC:90837*223.50*179.63****1~DTM*472*20241225~CAS*CO*45*43.87*1~CLP*CLM001832*1*252.55*175.61*34.41*12*CIGNA001832~CAS*CO*45*76.94*1~SVC*HC:90837*252.55*175.61****1~DTM*472*20241221~CAS*CO*45*76.94*1~CLP*CLM001833*1*229.19*172.91*17.03*12*CIGNA001833~CAS*CO*45*56.28*1~SVC*HC:90837*229.19*172.91****1~DTM*472*20241224~CAS*CO*45*56.28*1~CLP*CLM001834*1*215.72*174.73*14.94*12*CIGNA001834~CAS*CO*45*40.99*1~SVC*HC:90837*215.72*174.73****1~DTM*472*20241224~CAS*CO*45*40.99*1~CLP*CLM001835*1*216.40*166.54*15.70*12*CIGNA001835~CAS*CO*45*49.86*1~SVC*HC:90837*216.40*166.54****1~DTM*472*20241229~CAS*CO*45*49.86*1~CLP*CLM001836*1*237.55*166.39*18.97*12*CIGNA001836~CAS*CO*45*71.16*1~SVC*HC:90837*237.55*166.39****1~DTM*472*20241202~CAS*CO*45*71.16*1~CLP*CLM001837*1*246.66*165.79*32.71*12*CIGNA001837~CAS*CO*45*80.87*1~SVC*HC:90837*246.66*165.79****1~DTM*472*20241203~CAS*CO*45*80.87*1~CLP*CLM001838*1*238.77*179.69*31.57*12*CIGNA001838~CAS*CO*45*59.08*1~SVC*HC:90837*238.77*179.69****1~DTM*472*20241225~CAS*CO*45*59.08*1~CLP*CLM001839*1*214.25*148.71*17.08*12*CIGNA001839~CAS*CO*45*65.54*1~SVC*HC:90837*214.25*148.71****1~DTM*472*20241221~CAS*CO*45*65.54*1~CLP*CLM001840*1*1822.51*1182.86*29.49*12*CIGNA001840~CAS*CO*45*639.65*1~SVC*HC:99232*1822.51*1182.86****1~DTM*472*20241201~CAS*CO*45*639.65*1~CLP*CLM001841*1*1734.60*1179.68*20.89*12*CIGNA001841~CAS*CO*45*554.92*1~SVC*HC:99232*1734.60*1179.68****1~DTM*472*20241202~CAS*CO*45*554.92*1~CLP*CLM001842*1*1808.36*1279.46*14.73*12*CIGNA001842~CAS*CO*45*528.90*1~SVC*HC:99232*1808.36*1279.46****1~DTM*472*20241220~CAS*CO*45*528.90*1~CLP*CLM001843*1*1805.75*1353.19*21.38*12*CIGNA001843~CAS*CO*45*452.56*1~SVC*HC:99232*1805.75*1353.19****1~DTM*472*20241201~CAS*CO*45*452.56*1~CLP*CLM001844*1*1768.08*1126.65*31.11*12*CIGNA001844~CAS*CO*45*641.43*1~SVC*HC:99232*1768.08*1126.65****1~DTM*472*20241201~CAS*CO*45*641.43*1~CLP*CLM001845*1*1827.77*1129.18*20.18*12*CIGNA001845~CAS*CO*45*698.59*1~SVC*HC:99232*1827.77*1129.18****1~DTM*472*20241218~CAS*CO*45*698.59*1~CLP*CLM001846*1*1581.00*1369.37*32.20*12*CIGNA001846~CAS*CO*45*211.63*1~SVC*HC:99232*1581.00*1369.37****1~DTM*472*20241227~CAS*CO*45*211.63*1~CLP*CLM001847*1*1725.70*1299.46*20.78*12*CIGNA001847~CAS*CO*45*426.24*1~SVC*HC:99232*1725.70*1299.46****1~DTM*472*20241231~CAS*CO*45*426.24*1~CLP*CLM001848*1*1612.46*1352.44*19.01*12*CIGNA001848~CAS*CO*45*260.02*1~SVC*HC:99232*1612.46*1352.44****1~DTM*472*20241204~CAS*CO*45*260.02*1~CLP*CLM001849*1*1659.34*1256.10*19.85*12*CIGNA001849~CAS*CO*45*403.24*1~SVC*HC:99232*1659.34*1256.10****1~DTM*472*20241220~CAS*CO*45*403.24*1~CLP*CLM001850*1*1860.33*1256.61*33.78*12*CIGNA001850~CAS*CO*45*603.72*1~SVC*HC:99232*1860.33*1256.61****1~DTM*472*20241209~CAS*CO*45*603.72*1~CLP*CLM001851*1*1602.66*1323.73*24.26*12*CIGNA001851~CAS*CO*45*278.93*1~SVC*HC:99232*1602.66*1323.73****1~DTM*472*20241231~CAS*CO*45*278.93*1~CLP*CLM001852*1*1772.75*1226.51*34.16*12*CIGNA001852~CAS*CO*45*546.24*1~SVC*HC:99232*1772.75*1226.51****1~DTM*472*20241223~CAS*CO*45*546.24*1~CLP*CLM001853*1*1814.41*1181.46*27.09*12*CIGNA001853~CAS*CO*45*632.95*1~SVC*HC:99232*1814.41*1181.46****1~DTM*472*20241228~CAS*CO*45*632.95*1~CLP*CLM001854*1*1922.09*1145.15*36.11*12*CIGNA001854~CAS*CO*45*776.94*1~SVC*HC:99232*1922.09*1145.15****1~DTM*472*20241221~CAS*CO*45*776.94*1~CLP*CLM001855*1*1607.73*1314.90*14.28*12*CIGNA001855~CAS*CO*45*292.83*1~SVC*HC:99232*1607.73*1314.90****1~DTM*472*20241213~CAS*CO*45*292.83*1~CLP*CLM001856*1*1741.60*1219.29*34.74*12*CIGNA001856~CAS*CO*45*522.31*1~SVC*HC:99232*1741.60*1219.29****1~DTM*472*20241221~CAS*CO*45*522.31*1~CLP*CLM001857*1*1634.98*1127.36*25.01*12*CIGNA001857~CAS*CO*45*507.62*1~SVC*HC:99232*1634.98*1127.36****1~DTM*472*20241216~CAS*CO*45*507.62*1~CLP*CLM001858*1*1800.72*1336.33*34.19*12*CIGNA001858~CAS*CO*45*464.39*1~SVC*HC:99232*1800.72*1336.33****1~DTM*472*20241211~CAS*CO*45*464.39*1~CLP*CLM001859*1*1875.29*1266.46*22.04*12*CIGNA001859~CAS*CO*45*608.83*1~SVC*HC:99232*1875.29*1266.46****1~DTM*472*20241204~CAS*CO*45*608.83*1~CLP*CLM001860*1*1896.70*1348.70*19.96*12*CIGNA001860~CAS*CO*45*548.00*1~SVC*HC:99232*1896.70*1348.70****1~DTM*472*20241208~CAS*CO*45*548.00*1~CLP*CLM001861*1*1878.84*1177.85*13.85*12*CIGNA001861~CAS*CO*45*700.99*1~SVC*HC:99232*1878.84*1177.85****1~DTM*472*20241229~CAS*CO*45*700.99*1~CLP*CLM001862*1*1669.88*1266.70*33.86*12*CIGNA001862~CAS*CO*45*403.18*1~SVC*HC:99232*1669.88*1266.70****1~DTM*472*20241230~CAS*CO*45*403.18*1~CLP*CLM001863*1*1898.95*1143.59*15.93*12*CIGNA001863~CAS*CO*45*755.36*1~SVC*HC:99232*1898.95*1143.59****1~DTM*472*20241229~CAS*CO*45*755.36*1~CLP*CLM001864*1*1805.34*1260.76*17.51*12*CIGNA001864~CAS*CO*45*544.58*1~SVC*HC:99232*1805.34*1260.76****1~DTM*472*20241206~CAS*CO*45*544.58*1~CLP*CLM001865*1*1685.07*1357.19*22.73*12*CIGNA001865~CAS*CO*45*327.88*1~SVC*HC:99232*1685.07*1357.19****1~DTM*472*20241231~CAS*CO*45*327.88*1~CLP*CLM001866*1*1625.47*1176.79*26.74*12*CIGNA001866~CAS*CO*45*448.68*1~SVC*HC:99232*1625.47*1176.79****1~DTM*472*20241227~CAS*CO*45*448.68*1~CLP*CLM001867*1*1714.40*1303.18*35.17*12*CIGNA001867~CAS*CO*45*411.22*1~SVC*HC:99232*1714.40*1303.18****1~DTM*472*20241203~CAS*CO*45*411.22*1~CLP*CLM001868*1*1772.39*1199.82*23.94*12*CIGNA001868~CAS*CO*45*572.57*1~SVC*HC:99232*1772.39*1199.82****1~DTM*472*20241219~CAS*CO*45*572.57*1~CLP*CLM001869*1*1711.20*1333.66*20.41*12*CIGNA001869~CAS*CO*45*377.54*1~SVC*HC:99232*1711.20*1333.66****1~DTM*472*20241229~CAS*CO*45*377.54*1~CLP*CLM001870*1*1709.35*1260.14*30.39*12*CIGNA001870~CAS*CO*45*449.21*1~SVC*HC:99232*1709.35*1260.14****1~DTM*472*20241224~CAS*CO*45*449.21*1~CLP*CLM001871*1*1920.97*1159.99*31.97*12*CIGNA001871~CAS*CO*45*760.98*1~SVC*HC:99232*1920.97*1159.99****1~DTM*472*20241224~CAS*CO*45*760.98*1~CLP*CLM001872*1*1835.91*1144.61*24.69*12*CIGNA001872~CAS*CO*45*691.30*1~SVC*HC:99232*1835.91*1144.61****1~DTM*472*20241212~CAS*CO*45*691.30*1~CLP*CLM001873*1*1727.98*1138.42*28.28*12*CIGNA001873~CAS*CO*45*589.56*1~SVC*HC:99232*1727.98*1138.42****1~DTM*472*20241227~CAS*CO*45*589.56*1~CLP*CLM001874*1*1786.81*1144.00*16.92*12*CIGNA001874~CAS*CO*45*642.81*1~SVC*HC:99232*1786.81*1144.00****1~DTM*472*20241220~CAS*CO*45*642.81*1~CLP*CLM001875*1*3839.02*3054.72*28.36*12*CIGNA001875~CAS*CO*45*784.30*1~SVC*HC:99223*3839.02*3054.72****1~DTM*472*20241225~CAS*CO*45*784.30*1~CLP*CLM001876*1*4025.15*2702.77*12.62*12*CIGNA001876~CAS*CO*45*1322.38*1~SVC*HC:99223*4025.15*2702.77****1~DTM*472*20241226~CAS*CO*45*1322.38*1~CLP*CLM001877*1*3912.63*3075.85*19.34*12*CIGNA001877~CAS*CO*45*836.78*1~SVC*HC:99223*3912.63*3075.85****1~DTM*472*20241212~CAS*CO*45*836.78*1~CLP*CLM001878*1*3822.33*2829.70*31.53*12*CIGNA001878~CAS*CO*45*992.63*1~SVC*HC:99223*3822.33*2829.70****1~DTM*472*20241206~CAS*CO*45*992.63*1~CLP*CLM001879*1*4045.97*2900.63*16.72*12*CIGNA001879~CAS*CO*45*1145.34*1~SVC*HC:99223*4045.97*2900.63****1~DTM*472*20241203~CAS*CO*45*1145.34*1~CLP*CLM001880*1*3759.58*2952.41*31.61*12*CIGNA001880~CAS*CO*45*807.17*1~SVC*HC:99223*3759.58*2952.41****1~DTM*472*20241208~CAS*CO*45*807.17*1~CLP*CLM001881*1*3592.32*2919.34*24.74*12*CIGNA001881~CAS*CO*45*672.98*1~SVC*HC:99223*3592.32*2919.34****1~DTM*472*20241205~CAS*CO*45*672.98*1~CLP*CLM001882*1*4142.57*2732.80*31.59*12*CIGNA001882~CAS*CO*45*1409.77*1~SVC*HC:99223*4142.57*2732.80****1~DTM*472*20241205~CAS*CO*45*1409.77*1~CLP*CLM001883*1*3776.28*2934.21*14.70*12*CIGNA001883~CAS*CO*45*842.07*1~SVC*HC:99223*3776.28*2934.21****1~DTM*472*20241204~CAS*CO*45*842.07*1~CLP*CLM001884*1*4267.28*2571.25*27.86*12*CIGNA001884~CAS*CO*45*1696.03*1~SVC*HC:99223*4267.28*2571.25****1~DTM*472*20241215~CAS*CO*45*1696.03*1~CLP*CLM001885*1*3739.50*2721.55*28.34*12*CIGNA001885~CAS*CO*45*1017.95*1~SVC*HC:99223*3739.50*2721.55****1~DTM*472*20241205~CAS*CO*45*1017.95*1~CLP*CLM001886*1*3865.89*2568.89*22.58*12*CIGNA001886~CAS*CO*45*1297.00*1~SVC*HC:99223*3865.89*2568.89****1~DTM*472*20241218~CAS*CO*45*1297.00*1~CLP*CLM001887*1*4397.61*3235.03*36.63*12*CIGNA001887~CAS*CO*45*1162.58*1~SVC*HC:99291*4397.61*3235.03****1~DTM*472*20241201~CAS*CO*45*1162.58*1~CLP*CLM001888*1*4528.58*2937.36*22.08*12*CIGNA001888~CAS*CO*45*1591.22*1~SVC*HC:99291*4528.58*2937.36****1~DTM*472*20241220~CAS*CO*45*1591.22*1~CLP*CLM001889*1*4322.69*3262.75*13.44*12*CIGNA001889~CAS*CO*45*1059.94*1~SVC*HC:99291*4322.69*3262.75****1~DTM*472*20241213~CAS*CO*45*1059.94*1~CLP*CLM001890*1*4402.77*2887.90*17.49*12*CIGNA001890~CAS*CO*45*1514.87*1~SVC*HC:99291*4402.77*2887.90****1~DTM*472*20241225~CAS*CO*45*1514.87*1~CLP*CLM001891*1*4839.42*2934.21*21.83*12*CIGNA001891~CAS*CO*45*1905.21*1~SVC*HC:99291*4839.42*2934.21****1~DTM*472*20241229~CAS*CO*45*1905.21*1~CLP*CLM001892*1*4249.50*3515.35*12.85*12*CIGNA001892~CAS*CO*45*734.15*1~SVC*HC:99291*4249.50*3515.35****1~DTM*472*20241217~CAS*CO*45*734.15*1~CLP*CLM001893*1*4373.14*2988.53*20.56*12*CIGNA001893~CAS*CO*45*1384.61*1~SVC*HC:99291*4373.14*2988.53****1~DTM*472*20241205~CAS*CO*45*1384.61*1~CLP*CLM001894*1*4272.49*3052.11*33.33*12*CIGNA001894~CAS*CO*45*1220.38*1~SVC*HC:99291*4272.49*3052.11****1~DTM*472*20241205~CAS*CO*45*1220.38*1~CLP*CLM001895*1*3316.10*2190.37*17.26*12*CIGNA001895~CAS*CO*45*1125.73*1~SVC*HC:43239*3316.10*2190.37****1~DTM*472*20241214~CAS*CO*45*1125.73*1~CLP*CLM001896*1*3549.95*2303.88*29.42*12*CIGNA001896~CAS*CO*45*1246.07*1~SVC*HC:43239*3549.95*2303.88****1~DTM*472*20241212~CAS*CO*45*1246.07*1~CLP*CLM001897*1*3189.71*2280.82*28.17*12*CIGNA001897~CAS*CO*45*908.89*1~SVC*HC:43239*3189.71*2280.82****1~DTM*472*20241221~CAS*CO*45*908.89*1~CLP*CLM001898*1*3438.40*2397.99*18.72*12*CIGNA001898~CAS*CO*45*1040.41*1~SVC*HC:43239*3438.40*2397.99****1~DTM*472*20241215~CAS*CO*45*1040.41*1~CLP*CLM001899*1*3228.73*2211.35*29.84*12*CIGNA001899~CAS*CO*45*1017.38*1~SVC*HC:43239*3228.73*2211.35****1~DTM*472*20241231~CAS*CO*45*1017.38*1~CLP*CLM001900*1*3589.56*2349.93*21.11*12*CIGNA001900~CAS*CO*45*1239.63*1~SVC*HC:43239*3589.56*2349.93****1~DTM*472*20241213~CAS*CO*45*1239.63*1~CLP*CLM001901*1*3245.45*2545.96*15.72*12*CIGNA001901~CAS*CO*45*699.49*1~SVC*HC:43239*3245.45*2545.96****1~DTM*472*20241211~CAS*CO*45*699.49*1~CLP*CLM001902*1*3577.42*2366.70*22.09*12*CIGNA001902~CAS*CO*45*1210.72*1~SVC*HC:43239*3577.42*2366.70****1~DTM*472*20241221~CAS*CO*45*1210.72*1~CLP*CLM001903*1*3115.48*2627.63*27.22*12*CIGNA001903~CAS*CO*45*487.85*1~SVC*HC:43239*3115.48*2627.63****1~DTM*472*20241211~CAS*CO*45*487.85*1~CLP*CLM001904*1*3491.24*2449.54*16.68*12*CIGNA001904~CAS*CO*45*1041.70*1~SVC*HC:43239*3491.24*2449.54****1~DTM*472*20241216~CAS*CO*45*1041.70*1~CLP*CLM001905*1*2754.15*1733.11*33.10*12*CIGNA001905~CAS*CO*45*1021.04*1~SVC*HC:45380*2754.15*1733.11****1~DTM*472*20241231~CAS*CO*45*1021.04*1~CLP*CLM001906*1*2638.38*1734.89*19.96*12*CIGNA001906~CAS*CO*45*903.49*1~SVC*HC:45380*2638.38*1734.89****1~DTM*472*20241221~CAS*CO*45*903.49*1~CLP*CLM001907*1*2558.24*1796.76*19.77*12*CIGNA001907~CAS*CO*45*761.48*1~SVC*HC:45380*2558.24*1796.76****1~DTM*472*20241208~CAS*CO*45*761.48*1~CLP*CLM001908*1*2409.27*1737.32*30.70*12*CIGNA001908~CAS*CO*45*671.95*1~SVC*HC:45380*2409.27*1737.32****1~DTM*472*20241226~CAS*CO*45*671.95*1~CLP*CLM001909*1*2325.40*1761.46*27.41*12*CIGNA001909~CAS*CO*45*563.94*1~SVC*HC:45380*2325.40*1761.46****1~DTM*472*20241219~CAS*CO*45*563.94*1~CLP*CLM001910*1*2770.62*1691.93*20.95*12*CIGNA001910~CAS*CO*45*1078.69*1~SVC*HC:45380*2770.62*1691.93****1~DTM*472*20241206~CAS*CO*45*1078.69*1~CLP*CLM001911*1*2545.25*1865.42*34.70*12*CIGNA001911~CAS*CO*45*679.83*1~SVC*HC:45380*2545.25*1865.42****1~DTM*472*20241231~CAS*CO*45*679.83*1~CLP*CLM001912*1*2743.26*1881.80*37.39*12*CIGNA001912~CAS*CO*45*861.46*1~SVC*HC:45380*2743.26*1881.80****1~DTM*472*20241207~CAS*CO*45*861.46*1~CLP*CLM001913*1*2414.83*1777.84*21.07*12*CIGNA001913~CAS*CO*45*636.99*1~SVC*HC:45380*2414.83*1777.84****1~DTM*472*20241223~CAS*CO*45*636.99*1~CLP*CLM001914*1*2695.29*1644.90*35.03*12*CIGNA001914~CAS*CO*45*1050.39*1~SVC*HC:45380*2695.29*1644.90****1~DTM*472*20241226~CAS*CO*45*1050.39*1~CLP*CLM001915*1*2519.65*1767.29*21.48*12*CIGNA001915~CAS*CO*45*752.36*1~SVC*HC:45380*2519.65*1767.29****1~DTM*472*20241221~CAS*CO*45*752.36*1~CLP*CLM001916*1*2395.35*1729.02*17.21*12*CIGNA001916~CAS*CO*45*666.33*1~SVC*HC:45380*2395.35*1729.02****1~DTM*472*20241205~CAS*CO*45*666.33*1~CLP*CLM001917*1*2665.69*1877.49*36.20*12*CIGNA001917~CAS*CO*45*788.20*1~SVC*HC:45380*2665.69*1877.49****1~DTM*472*20241203~CAS*CO*45*788.20*1~CLP*CLM001918*1*2569.36*1781.66*35.46*12*CIGNA001918~CAS*CO*45*787.70*1~SVC*HC:45380*2569.36*1781.66****1~DTM*472*20241219~CAS*CO*45*787.70*1~CLP*CLM001919*1*2523.33*1764.29*22.58*12*CIGNA001919~CAS*CO*45*759.04*1~SVC*HC:45380*2523.33*1764.29****1~DTM*472*20241230~CAS*CO*45*759.04*1~CLP*CLM001920*1*619.71*483.27*18.21*12*CIGNA001920~CAS*CO*45*136.44*1~SVC*HC:11042*619.71*483.27****1~DTM*472*20241202~CAS*CO*45*136.44*1~CLP*CLM001921*1*612.30*476.16*30.68*12*CIGNA001921~CAS*CO*45*136.14*1~SVC*HC:11042*612.30*476.16****1~DTM*472*20241229~CAS*CO*45*136.14*1~CLP*CLM001922*1*641.82*478.11*15.78*12*CIGNA001922~CAS*CO*45*163.71*1~SVC*HC:11042*641.82*478.11****1~DTM*472*20241230~CAS*CO*45*163.71*1~CLP*CLM001923*1*663.89*412.65*30.85*12*CIGNA001923~CAS*CO*45*251.24*1~SVC*HC:11042*663.89*412.65****1~DTM*472*20241222~CAS*CO*45*251.24*1~CLP*CLM001924*1*587.96*464.82*27.24*12*CIGNA001924~CAS*CO*45*123.14*1~SVC*HC:11042*587.96*464.82****1~DTM*472*20241220~CAS*CO*45*123.14*1~CLP*CLM001925*1*690.93*408.99*16.72*12*CIGNA001925~CAS*CO*45*281.94*1~SVC*HC:11042*690.93*408.99****1~DTM*472*20241222~CAS*CO*45*281.94*1~CLP*CLM001926*1*688.82*463.21*21.66*12*CIGNA001926~CAS*CO*45*225.61*1~SVC*HC:11042*688.82*463.21****1~DTM*472*20241211~CAS*CO*45*225.61*1~CLP*CLM001927*1*621.24*491.91*28.76*12*CIGNA001927~CAS*CO*45*129.33*1~SVC*HC:11042*621.24*491.91****1~DTM*472*20241201~CAS*CO*45*129.33*1~CLP*CLM001928*1*594.97*413.87*13.43*12*CIGNA001928~CAS*CO*45*181.10*1~SVC*HC:11042*594.97*413.87****1~DTM*472*20241224~CAS*CO*45*181.10*1~CLP*CLM001929*1*640.15*451.69*34.41*12*CIGNA001929~CAS*CO*45*188.46*1~SVC*HC:11042*640.15*451.69****1~DTM*472*20241219~CAS*CO*45*188.46*1~CLP*CLM001930*1*1637.70*1133.05*18.89*12*CIGNA001930~CAS*CO*45*504.65*1~SVC*HC:64483*1637.70*1133.05****1~DTM*472*20241215~CAS*CO*45*504.65*1~CLP*CLM001931*1*1709.77*1265.36*25.87*12*CIGNA001931~CAS*CO*45*444.41*1~SVC*HC:64483*1709.77*1265.36****1~DTM*472*20241217~CAS*CO*45*444.41*1~CLP*CLM001932*1*1847.23*1116.18*13.71*12*CIGNA001932~CAS*CO*45*731.05*1~SVC*HC:64483*1847.23*1116.18****1~DTM*472*20241216~CAS*CO*45*731.05*1~CLP*CLM001933*1*1651.77*1105.09*37.37*12*CIGNA001933~CAS*CO*45*546.68*1~SVC*HC:64483*1651.77*1105.09****1~DTM*472*20241231~CAS*CO*45*546.68*1~CLP*CLM001934*1*1791.32*1100.61*29.05*12*CIGNA001934~CAS*CO*45*690.71*1~SVC*HC:64483*1791.32*1100.61****1~DTM*472*20241224~CAS*CO*45*690.71*1~CLP*CLM001935*1*1616.80*1114.00*28.84*12*CIGNA001935~CAS*CO*45*502.80*1~SVC*HC:64483*1616.80*1114.00****1~DTM*472*20241215~CAS*CO*45*502.80*1~CLP*CLM001936*1*1687.09*1268.22*12.99*12*CIGNA001936~CAS*CO*45*418.87*1~SVC*HC:64483*1687.09*1268.22****1~DTM*472*20241212~CAS*CO*45*418.87*1~CLP*CLM001937*1*1659.22*1194.28*29.74*12*CIGNA001937~CAS*CO*45*464.94*1~SVC*HC:64483*1659.22*1194.28****1~DTM*472*20241223~CAS*CO*45*464.94*1~CLP*CLM001938*1*1534.57*1188.59*22.92*12*CIGNA001938~CAS*CO*45*345.98*1~SVC*HC:64483*1534.57*1188.59****1~DTM*472*20241202~CAS*CO*45*345.98*1~CLP*CLM001939*1*1550.67*1274.44*22.01*12*CIGNA001939~CAS*CO*45*276.23*1~SVC*HC:64483*1550.67*1274.44****1~DTM*472*20241228~CAS*CO*45*276.23*1~CLP*CLM001940*1*361.37*271.21*26.18*12*CIGNA001940~CAS*CO*45*90.16*1~SVC*HC:99243*361.37*271.21****1~DTM*472*20241226~CAS*CO*45*90.16*1~CLP*CLM001941*1*429.94*261.20*24.36*12*CIGNA001941~CAS*CO*45*168.74*1~SVC*HC:99243*429.94*261.20****1~DTM*472*20241208~CAS*CO*45*168.74*1~CLP*CLM001942*1*396.07*280.90*16.33*12*CIGNA001942~CAS*CO*45*115.17*1~SVC*HC:99243*396.07*280.90****1~DTM*472*20241211~CAS*CO*45*115.17*1~CLP*CLM001943*1*427.94*283.35*29.88*12*CIGNA001943~CAS*CO*45*144.59*1~SVC*HC:99243*427.94*283.35****1~DTM*472*20241208~CAS*CO*45*144.59*1~CLP*CLM001944*1*402.17*296.67*28.26*12*CIGNA001944~CAS*CO*45*105.50*1~SVC*HC:99243*402.17*296.67****1~DTM*472*20241206~CAS*CO*45*105.50*1~CLP*CLM001945*1*386.68*287.87*20.03*12*CIGNA001945~CAS*CO*45*98.81*1~SVC*HC:99243*386.68*287.87****1~DTM*472*20241201~CAS*CO*45*98.81*1~CLP*CLM001946*1*422.03*293.29*29.04*12*CIGNA001946~CAS*CO*45*128.74*1~SVC*HC:99243*422.03*293.29****1~DTM*472*20241215~CAS*CO*45*128.74*1~CLP*CLM001947*1*383.28*285.16*29.06*12*CIGNA001947~CAS*CO*45*98.12*1~SVC*HC:99243*383.28*285.16****1~DTM*472*20241223~CAS*CO*45*98.12*1~CLP*CLM001948*1*374.62*264.03*19.25*12*CIGNA001948~CAS*CO*45*110.59*1~SVC*HC:99243*374.62*264.03****1~DTM*472*20241223~CAS*CO*45*110.59*1~CLP*CLM001949*1*357.70*297.29*27.64*12*CIGNA001949~CAS*CO*45*60.41*1~SVC*HC:99243*357.70*297.29****1~DTM*472*20241204~CAS*CO*45*60.41*1~CLP*CLM001950*1*394.89*296.77*15.93*12*CIGNA001950~CAS*CO*45*98.12*1~SVC*HC:99243*394.89*296.77****1~DTM*472*20241212~CAS*CO*45*98.12*1~CLP*CLM001951*1*388.67*270.26*33.27*12*CIGNA001951~CAS*CO*45*118.41*1~SVC*HC:99243*388.67*270.26****1~DTM*472*20241209~CAS*CO*45*118.41*1~CLP*CLM001952*1*391.18*289.56*15.12*12*CIGNA001952~CAS*CO*45*101.62*1~SVC*HC:99243*391.18*289.56****1~DTM*472*20241231~CAS*CO*45*101.62*1~CLP*CLM001953*1*399.60*287.79*30.47*12*CIGNA001953~CAS*CO*45*111.81*1~SVC*HC:99243*399.60*287.79****1~DTM*472*20241220~CAS*CO*45*111.81*1~CLP*CLM001954*1*4392.75*3326.93*15.44*12*CIGNA001954~CAS*CO*45*1065.82*1~SVC*HC:58661*4392.75*3326.93****1~DTM*472*20241212~CAS*CO*45*1065.82*1~CLP*CLM001955*1*4871.73*3634.95*15.35*12*CIGNA001955~CAS*CO*45*1236.78*1~SVC*HC:58661*4871.73*3634.95****1~DTM*472*20241227~CAS*CO*45*1236.78*1~CLP*CLM001956*1*5046.18*3518.04*15.16*12*CIGNA001956~CAS*CO*45*1528.14*1~SVC*HC:58661*5046.18*3518.04****1~DTM*472*20241230~CAS*CO*45*1528.14*1~CLP*CLM001957*1*4364.68*3477.85*17.47*12*CIGNA001957~CAS*CO*45*886.83*1~SVC*HC:58661*4364.68*3477.85****1~DTM*472*20241205~CAS*CO*45*886.83*1~CLP*CLM001958*1*4511.12*3272.97*17.49*12*CIGNA001958~CAS*CO*45*1238.15*1~SVC*HC:58661*4511.12*3272.97****1~DTM*472*20241204~CAS*CO*45*1238.15*1~CLP*CLM001959*1*4071.65*2622.50*19.07*12*CIGNA001959~CAS*CO*45*1449.15*1~SVC*HC:47562*4071.65*2622.50****1~DTM*472*20241217~CAS*CO*45*1449.15*1~CLP*CLM001960*1*3995.60*2737.54*25.58*12*CIGNA001960~CAS*CO*45*1258.06*1~SVC*HC:47562*3995.60*2737.54****1~DTM*472*20241219~CAS*CO*45*1258.06*1~CLP*CLM001961*1*3673.63*2734.88*17.54*12*CIGNA001961~CAS*CO*45*938.75*1~SVC*HC:47562*3673.63*2734.88****1~DTM*472*20241221~CAS*CO*45*938.75*1~CLP*CLM001962*1*4248.62*2820.93*30.09*12*CIGNA001962~CAS*CO*45*1427.69*1~SVC*HC:47562*4248.62*2820.93****1~DTM*472*20241230~CAS*CO*45*1427.69*1~CLP*CLM001963*1*3963.05*3079.94*19.88*12*CIGNA001963~CAS*CO*45*883.11*1~SVC*HC:47562*3963.05*3079.94****1~DTM*472*20241216~CAS*CO*45*883.11*1~CLP*CLM001964*1*3674.69*2681.75*13.49*12*CIGNA001964~CAS*CO*45*992.94*1~SVC*HC:47562*3674.69*2681.75****1~DTM*472*20241227~CAS*CO*45*992.94*1~CLP*CLM001965*1*3570.03*2772.56*24.91*12*CIGNA001965~CAS*CO*45*797.47*1~SVC*HC:47562*3570.03*2772.56****1~DTM*472*20241212~CAS*CO*45*797.47*1~CLP*CLM001966*1*3907.93*3053.03*17.69*12*CIGNA001966~CAS*CO*45*854.90*1~SVC*HC:47562*3907.93*3053.03****1~DTM*472*20241207~CAS*CO*45*854.90*1~CLP*CLM001967*1*5507.54*3826.96*35.83*12*CIGNA001967~CAS*CO*45*1680.58*1~SVC*HC:27446*5507.54*3826.96****1~DTM*472*20241217~CAS*CO*45*1680.58*1~CLP*CLM001968*1*4948.41*3710.21*20.77*12*CIGNA001968~CAS*CO*45*1238.20*1~SVC*HC:27446*4948.41*3710.21****1~DTM*472*20241216~CAS*CO*45*1238.20*1~CLP*CLM001969*1*5382.61*3539.25*12.57*12*CIGNA001969~CAS*CO*45*1843.36*1~SVC*HC:27446*5382.61*3539.25****1~DTM*472*20241216~CAS*CO*45*1843.36*1~CLP*CLM001970*1*5105.92*3360.42*29.29*12*CIGNA001970~CAS*CO*45*1745.50*1~SVC*HC:27446*5105.92*3360.42****1~DTM*472*20241226~CAS*CO*45*1745.50*1~SE*4859*0001~GE*1*1~IEA*1*000000001~