ISA*00*          *00*          *ZZ*CIGNA          *ZZ*MIDWESTMFG     *250103*1200*^*00501*000000001*0*P*:~
GS*HP*CIGNA*MIDWESTMFG*20250103*1200*1*X*005010X221A1~
ST*835*0001~
BPR*I*268234.49*C*ACH*CTX*01*011000015*DA*1234567890*1512345678**01*011000015*DA*9876543210*20250103~
TRN*1*12345678901234*1512345678~
DTM*405*20250103~
N1*PR*Cigna Health and Life Insurance Company~
N3*900 Cottage Grove Road~
N4*Bloomfield*CT*06002~
N1*PE*Midwest Manufacturing Co*FI*363456789~
N3*4500 Industrial Parkway~
N4*Columbus*OH*43228~
LX*1~
CLP*MMC2024000717*1*23.87*17.05*0*12*CLAIMREF001*11~
CAS*CO*45*6.82~
SVC*HC:80053*23.87*17.05**1~
DTM*472*20241219~
CLP*MMC2024000326*1*269.37*192.41*0*12*CLAIMREF001*11~
CAS*CO*45*76.96~
SVC*HC:99214*269.37*192.41**1~
DTM*472*20241211~
CLP*MMC2024000849*1*31.22*22.30*0*12*CLAIMREF001*11~
CAS*CO*45*8.92~
SVC*HC:93000*31.22*22.30**1~
DTM*472*20241211~
CLP*MMC2024000748*1*15.67*11.19*0*12*CLAIMREF001*11~
CAS*CO*45*4.48~
SVC*HC:85025*15.67*11.19**1~
DTM*472*20241220~
CLP*MMC2024000008*1*5722.81*4087.72*0*12*CLAIMREF001*11~
CAS*CO*45*1635.09~
SVC*HC:27447*5722.81*4087.72**1~
DTM*472*20241220~
CLP*MMC2024000073*1*7408.35*5291.68*0*12*CLAIMREF001*11~
CAS*CO*45*2116.67~
SVC*HC:22551*7408.35*5291.68**1~
DTM*472*20241209~
CLP*MMC2024000002*1*6022.03*4301.45*0*12*CLAIMREF001*11~
CAS*CO*45*1720.58~
SVC*HC:27447*6022.03*4301.45**1~
DTM*472*20241208~
CLP*MMC2024000610*1*25.02*17.87*0*12*CLAIMREF001*11~
CAS*CO*45*7.15~
SVC*HC:80053*25.02*17.87**1~
DTM*472*20241226~
CLP*MMC2024000432*1*261.95*187.11*0*12*CLAIMREF001*11~
CAS*CO*45*74.84~
SVC*HC:99214*261.95*187.11**1~
DTM*472*20241224~
CLP*MMC2024000114*1*199.09*142.21*0*12*CLAIMREF001*11~
CAS*CO*45*56.88~
SVC*HC:99213*199.09*142.21**1~
DTM*472*20241204~
CLP*MMC2024000745*1*16.84*12.03*0*12*CLAIMREF001*11~
CAS*CO*45*4.81~
SVC*HC:85025*16.84*12.03**1~
DTM*472*20241219~
CLP*MMC2024000436*1*266.70*190.50*0*12*CLAIMREF001*11~
CAS*CO*45*76.20~
SVC*HC:99214*266.70*190.50**1~
DTM*472*20241206~
CLP*MMC2024000309*1*300.82*214.87*0*12*CLAIMREF001*11~
CAS*CO*45*85.95~
SVC*HC:99214*300.82*214.87**1~
DTM*472*20241227~
CLP*MMC2024000020*1*2687.40*1919.57*0*12*CLAIMREF001*11~
CAS*CO*45*767.83~
SVC*HC:29881*2687.40*1919.57**1~
DTM*472*20241209~
CLP*MMC2024000648*1*22.95*16.39*0*12*CLAIMREF001*11~
CAS*CO*45*6.56~
SVC*HC:80053*22.95*16.39**1~
DTM*472*20241201~
CLP*MMC2024000302*1*216.99*154.99*0*12*CLAIMREF001*11~
CAS*CO*45*62.00~
SVC*HC:99213*216.99*154.99**1~
DTM*472*20241213~
CLP*MMC2024000177*1*193.10*137.93*0*12*CLAIMREF001*11~
CAS*CO*45*55.17~
SVC*HC:99213*193.10*137.93**1~
DTM*472*20241204~
CLP*MMC2024000146*1*184.39*131.71*0*12*CLAIMREF001*11~
CAS*CO*45*52.68~
SVC*HC:99213*184.39*131.71**1~
DTM*472*20241219~
CLP*MMC2024000853*1*40.11*28.65*0*12*CLAIMREF001*11~
CAS*CO*45*11.46~
SVC*HC:93000*40.11*28.65**1~
DTM*472*20241225~
CLP*MMC2024001041*1*148.88*106.34*0*12*CLAIMREF001*11~
CAS*CO*45*42.54~
SVC*HC:99232*148.88*106.34**1~
DTM*472*20241223~
CLP*MMC2024000953*1*19.18*13.70*0*12*CLAIMREF001*11~
CAS*CO*45*5.48~
SVC*HC:36415*19.18*13.70**1~
DTM*472*20241223~
CLP*MMC2024000487*1*337.04*240.74*0*12*CLAIMREF001*11~
CAS*CO*45*96.30~
SVC*HC:99395*337.04*240.74**1~
DTM*472*20241220~
CLP*MMC2024000652*1*19.98*14.27*0*12*CLAIMREF001*11~
CAS*CO*45*5.71~
SVC*HC:80053*19.98*14.27**1~
DTM*472*20241225~
CLP*MMC2024000179*1*193.44*138.17*0*12*CLAIMREF001*11~
CAS*CO*45*55.27~
SVC*HC:99213*193.44*138.17**1~
DTM*472*20241220~
CLP*MMC2024000619*1*22.25*15.89*0*12*CLAIMREF001*11~
CAS*CO*45*6.36~
SVC*HC:80053*22.25*15.89**1~
DTM*472*20241220~
CLP*MMC2024001042*1*135.10*96.50*0*12*CLAIMREF001*11~
CAS*CO*45*38.60~
SVC*HC:99232*135.10*96.50**1~
DTM*472*20241215~
CLP*MMC2024000410*1*306.74*219.10*0*12*CLAIMREF001*11~
CAS*CO*45*87.64~
SVC*HC:99214*306.74*219.10**1~
DTM*472*20241218~
CLP*MMC2024000260*1*209.89*149.92*0*12*CLAIMREF001*11~
CAS*CO*45*59.97~
SVC*HC:99213*209.89*149.92**1~
DTM*472*20241220~
CLP*MMC2024000013*1*2814.48*2010.34*0*12*CLAIMREF001*11~
CAS*CO*45*804.14~
SVC*HC:29881*2814.48*2010.34**1~
DTM*472*20241201~
CLP*MMC2024000784*1*14.64*10.46*0*12*CLAIMREF001*11~
CAS*CO*45*4.18~
SVC*HC:85025*14.64*10.46**1~
DTM*472*20241225~
CLP*MMC2024000674*1*22.53*16.09*0*12*CLAIMREF001*11~
CAS*CO*45*6.44~
SVC*HC:80053*22.53*16.09**1~
DTM*472*20241215~
CLP*MMC2024000219*1*182.99*130.71*0*12*CLAIMREF001*11~
CAS*CO*45*52.28~
SVC*HC:99213*182.99*130.71**1~
DTM*472*20241207~
CLP*MMC2024000894*1*40.15*28.68*0*12*CLAIMREF001*11~
CAS*CO*45*11.47~
SVC*HC:93000*40.15*28.68**1~
DTM*472*20241218~
CLP*MMC2024000663*1*24.01*17.15*0*12*CLAIMREF001*11~
CAS*CO*45*6.86~
SVC*HC:80053*24.01*17.15**1~
DTM*472*20241219~
CLP*MMC2024000126*1*218.72*156.23*0*12*CLAIMREF001*11~
CAS*CO*45*62.49~
SVC*HC:99213*218.72*156.23**1~
DTM*472*20241203~
CLP*MMC2024000938*1*21.64*15.46*0*12*CLAIMREF001*11~
CAS*CO*45*6.18~
SVC*HC:36415*21.64*15.46**1~
DTM*472*20241211~
CLP*MMC2024000628*1*20.24*14.46*0*12*CLAIMREF001*11~
CAS*CO*45*5.78~
SVC*HC:80053*20.24*14.46**1~
DTM*472*20241208~
CLP*MMC2024000021*1*2655.11*1896.51*0*12*CLAIMREF001*11~
CAS*CO*45*758.60~
SVC*HC:73721*2655.11*1896.51**1~
DTM*472*20241224~
CLP*MMC2024000409*1*265.20*189.43*0*12*CLAIMREF001*11~
CAS*CO*45*75.77~
SVC*HC:99214*265.20*189.43**1~
DTM*472*20241202~
CLP*MMC2024001058*1*144.47*103.19*0*12*CLAIMREF001*11~
CAS*CO*45*41.28~
SVC*HC:99232*144.47*103.19**1~
DTM*472*20241219~
CLP*MMC2024000733*1*15.90*11.36*0*12*CLAIMREF001*11~
CAS*CO*45*4.54~
SVC*HC:85025*15.90*11.36**1~
DTM*472*20241206~
CLP*MMC2024000443*1*262.49*187.49*0*12*CLAIMREF001*11~
CAS*CO*45*75.00~
SVC*HC:99214*262.49*187.49**1~
DTM*472*20241208~
CLP*MMC2024000469*1*344.48*246.06*0*12*CLAIMREF001*11~
CAS*CO*45*98.42~
SVC*HC:99395*344.48*246.06**1~
DTM*472*20241209~
CLP*MMC2024000100*1*390.10*278.64*0*12*CLAIMREF001*11~
CAS*CO*45*111.46~
SVC*HC:20610*390.10*278.64**1~
DTM*472*20241208~
CLP*MMC2024001024*1*147.84*105.60*0*12*CLAIMREF001*11~
CAS*CO*45*42.24~
SVC*HC:99283*147.84*105.60**1~
DTM*472*20241218~
CLP*MMC2024000886*1*38.81*27.72*0*12*CLAIMREF001*11~
CAS*CO*45*11.09~
SVC*HC:93000*38.81*27.72**1~
DTM*472*20241211~
CLP*MMC2024000813*1*14.17*10.12*0*12*CLAIMREF001*11~
CAS*CO*45*4.05~
SVC*HC:85025*14.17*10.12**1~
DTM*472*20241223~
CLP*MMC2024000522*1*321.37*229.55*0*12*CLAIMREF001*11~
CAS*CO*45*91.82~
SVC*HC:99395*321.37*229.55**1~
DTM*472*20241213~
CLP*MMC2024000600*1*365.72*261.23*0*12*CLAIMREF001*11~
CAS*CO*45*104.49~
SVC*HC:99396*365.72*261.23**1~
DTM*472*20241209~
CLP*MMC2024000032*1*2545.12*1817.94*0*12*CLAIMREF001*11~
CAS*CO*45*727.18~
SVC*HC:73721*2545.12*1817.94**1~
DTM*472*20241215~
CLP*MMC2024000642*1*21.66*15.47*0*12*CLAIMREF001*11~
CAS*CO*45*6.19~
SVC*HC:80053*21.66*15.47**1~
DTM*472*20241221~
CLP*MMC2024000102*1*373.23*266.59*0*12*CLAIMREF001*11~
CAS*CO*45*106.64~
SVC*HC:20610*373.23*266.59**1~
DTM*472*20241218~
CLP*MMC2024000580*1*336.45*240.32*0*12*CLAIMREF001*11~
CAS*CO*45*96.13~
SVC*HC:99396*336.45*240.32**1~
DTM*472*20241228~
CLP*MMC2024000612*1*24.02*17.16*0*12*CLAIMREF001*11~
CAS*CO*45*6.86~
SVC*HC:80053*24.02*17.16**1~
DTM*472*20241201~
CLP*MMC2024000476*1*326.47*233.19*0*12*CLAIMREF001*11~
CAS*CO*45*93.28~
SVC*HC:99395*326.47*233.19**1~
DTM*472*20241223~
CLP*MMC2024000714*1*22.30*15.93*0*12*CLAIMREF001*11~
CAS*CO*45*6.37~
SVC*HC:80053*22.30*15.93**1~
DTM*472*20241228~
CLP*MMC2024000929*1*17.01*12.15*0*12*CLAIMREF001*11~
CAS*CO*45*4.86~
SVC*HC:36415*17.01*12.15**1~
DTM*472*20241207~
CLP*MMC2024000869*1*37.58*26.84*0*12*CLAIMREF001*11~
CAS*CO*45*10.74~
SVC*HC:93000*37.58*26.84**1~
DTM*472*20241228~
CLP*MMC2024000903*1*36.81*26.29*0*12*CLAIMREF001*11~
CAS*CO*45*10.52~
SVC*HC:93000*36.81*26.29**1~
DTM*472*20241221~
CLP*MMC2024000540*1*358.26*255.90*0*12*CLAIMREF001*11~
CAS*CO*45*102.36~
SVC*HC:99396*358.26*255.90**1~
DTM*472*20241203~
CLP*MMC2024000866*1*39.51*28.22*0*12*CLAIMREF001*11~
CAS*CO*45*11.29~
SVC*HC:93000*39.51*28.22**1~
DTM*472*20241217~
CLP*MMC2024000343*1*288.69*206.21*0*12*CLAIMREF001*11~
CAS*CO*45*82.48~
SVC*HC:99214*288.69*206.21**1~
DTM*472*20241224~
CLP*MMC2024000737*1*14.66*10.47*0*12*CLAIMREF001*11~
CAS*CO*45*4.19~
SVC*HC:85025*14.66*10.47**1~
DTM*472*20241225~
CLP*MMC2024000645*1*24.92*17.80*0*12*CLAIMREF001*11~
CAS*CO*45*7.12~
SVC*HC:80053*24.92*17.80**1~
DTM*472*20241227~
CLP*MMC2024000896*1*36.71*26.22*0*12*CLAIMREF001*11~
CAS*CO*45*10.49~
SVC*HC:93000*36.71*26.22**1~
DTM*472*20241204~
CLP*MMC2024000838*1*14.39*10.28*0*12*CLAIMREF001*11~
CAS*CO*45*4.11~
SVC*HC:85025*14.39*10.28**1~
DTM*472*20241222~
CLP*MMC2024000559*1*346.08*247.20*0*12*CLAIMREF001*11~
CAS*CO*45*98.88~
SVC*HC:99396*346.08*247.20**1~
DTM*472*20241206~
CLP*MMC2024000699*1*23.45*16.75*0*12*CLAIMREF001*11~
CAS*CO*45*6.70~
SVC*HC:80053*23.45*16.75**1~
DTM*472*20241216~
CLP*MMC2024000314*1*280.35*200.25*0*12*CLAIMREF001*11~
CAS*CO*45*80.10~
SVC*HC:99214*280.35*200.25**1~
DTM*472*20241201~
CLP*MMC2024000011*1*2742.26*1958.76*0*12*CLAIMREF001*11~
CAS*CO*45*783.50~
SVC*HC:29881*2742.26*1958.76**1~
DTM*472*20241208~
CLP*MMC2024000265*1*183.02*130.73*0*12*CLAIMREF001*11~
CAS*CO*45*52.29~
SVC*HC:99213*183.02*130.73**1~
DTM*472*20241208~
CLP*MMC2024000727*1*14.03*10.02*0*12*CLAIMREF001*11~
CAS*CO*45*4.01~
SVC*HC:85025*14.03*10.02**1~
DTM*472*20241228~
CLP*MMC2024000160*1*192.02*137.16*0*12*CLAIMREF001*11~
CAS*CO*45*54.86~
SVC*HC:99213*192.02*137.16**1~
DTM*472*20241213~
CLP*MMC2024000754*1*17.14*12.24*0*12*CLAIMREF001*11~
CAS*CO*45*4.90~
SVC*HC:85025*17.14*12.24**1~
DTM*472*20241206~
CLP*MMC2024000464*1*340.87*243.48*0*12*CLAIMREF001*11~
CAS*CO*45*97.39~
SVC*HC:99395*340.87*243.48**1~
DTM*472*20241201~
CLP*MMC2024000583*1*377.73*269.81*0*12*CLAIMREF001*11~
CAS*CO*45*107.92~
SVC*HC:99396*377.73*269.81**1~
DTM*472*20241227~
CLP*MMC2024000299*1*184.70*131.93*0*12*CLAIMREF001*11~
CAS*CO*45*52.77~
SVC*HC:99213*184.70*131.93**1~
DTM*472*20241214~
CLP*MMC2024000806*1*16.39*11.71*0*12*CLAIMREF001*11~
CAS*CO*45*4.68~
SVC*HC:85025*16.39*11.71**1~
DTM*472*20241207~
CLP*MMC2024000890*1*32.35*23.11*0*12*CLAIMREF001*11~
CAS*CO*45*9.24~
SVC*HC:93000*32.35*23.11**1~
DTM*472*20241223~
CLP*MMC2024000998*1*19.57*13.98*0*12*CLAIMREF001*11~
CAS*CO*45*5.59~
SVC*HC:36415*19.57*13.98**1~
DTM*472*20241212~
CLP*MMC2024000206*1*216.05*154.32*0*12*CLAIMREF001*11~
CAS*CO*45*61.73~
SVC*HC:99213*216.05*154.32**1~
DTM*472*20241214~
CLP*MMC2024000378*1*282.88*202.06*0*12*CLAIMREF001*11~
CAS*CO*45*80.82~
SVC*HC:99214*282.88*202.06**1~
DTM*472*20241212~
CLP*MMC2024000794*1*16.65*11.89*0*12*CLAIMREF001*11~
CAS*CO*45*4.76~
SVC*HC:85025*16.65*11.89**1~
DTM*472*20241226~
CLP*MMC2024000825*1*18.05*12.89*0*12*CLAIMREF001*11~
CAS*CO*45*5.16~
SVC*HC:85025*18.05*12.89**1~
DTM*472*20241220~
CLP*MMC2024000633*1*21.95*15.68*0*12*CLAIMREF001*11~
CAS*CO*45*6.27~
SVC*HC:80053*21.95*15.68**1~
DTM*472*20241224~
CLP*MMC2024000711*1*22.96*16.40*0*12*CLAIMREF001*11~
CAS*CO*45*6.56~
SVC*HC:80053*22.96*16.40**1~
DTM*472*20241212~
CLP*MMC2024000034*1*2489.10*1777.93*0*12*CLAIMREF001*11~
CAS*CO*45*711.17~
SVC*HC:73721*2489.10*1777.93**1~
DTM*472*20241212~
CLP*MMC2024000945*1*19.71*14.08*0*12*CLAIMREF001*11~
CAS*CO*45*5.63~
SVC*HC:36415*19.71*14.08**1~
DTM*472*20241226~
CLP*MMC2024000059*1*445.10*317.93*0*12*CLAIMREF001*11~
CAS*CO*45*127.17~
SVC*HC:75571*445.10*317.93**1~
DTM*472*20241228~
CLP*MMC2024000215*1*191.34*136.67*0*12*CLAIMREF001*11~
CAS*CO*45*54.67~
SVC*HC:99213*191.34*136.67**1~
DTM*472*20241227~
CLP*MMC2024000930*1*17.05*12.18*0*12*CLAIMREF001*11~
CAS*CO*45*4.87~
SVC*HC:36415*17.05*12.18**1~
DTM*472*20241207~
CLP*MMC2024000245*1*211.29*150.92*0*12*CLAIMREF001*11~
CAS*CO*45*60.37~
SVC*HC:99213*211.29*150.92**1~
DTM*472*20241218~
CLP*MMC2024000594*1*360.68*257.63*0*12*CLAIMREF001*11~
CAS*CO*45*103.05~
SVC*HC:99396*360.68*257.63**1~
DTM*472*20241219~
CLP*MMC2024000852*1*32.52*23.23*0*12*CLAIMREF001*11~
CAS*CO*45*9.29~
SVC*HC:93000*32.52*23.23**1~
DTM*472*20241206~
CLP*MMC2024001017*1*141.06*100.76*0*12*CLAIMREF001*11~
CAS*CO*45*40.30~
SVC*HC:99283*141.06*100.76**1~
DTM*472*20241211~
CLP*MMC2024000404*1*284.70*203.36*0*12*CLAIMREF001*11~
CAS*CO*45*81.34~
SVC*HC:99214*284.70*203.36**1~
DTM*472*20241210~
CLP*MMC2024000627*1*21.31*15.22*0*12*CLAIMREF001*11~
CAS*CO*45*6.09~
SVC*HC:80053*21.31*15.22**1~
DTM*472*20241216~
CLP*MMC2024000978*1*21.91*15.65*0*12*CLAIMREF001*11~
CAS*CO*45*6.26~
SVC*HC:36415*21.91*15.65**1~
DTM*472*20241204~
CLP*MMC2024000233*1*189.98*135.70*0*12*CLAIMREF001*11~
CAS*CO*45*54.28~
SVC*HC:99213*189.98*135.70**1~
DTM*472*20241202~
CLP*MMC2024000690*1*23.24*16.60*0*12*CLAIMREF001*11~
CAS*CO*45*6.64~
SVC*HC:80053*23.24*16.60**1~
DTM*472*20241225~
CLP*MMC2024000646*1*22.15*15.82*0*12*CLAIMREF001*11~
CAS*CO*45*6.33~
SVC*HC:80053*22.15*15.82**1~
DTM*472*20241222~
CLP*MMC2024000132*1*191.93*137.09*0*12*CLAIMREF001*11~
CAS*CO*45*54.84~
SVC*HC:99213*191.93*137.09**1~
DTM*472*20241214~
CLP*MMC2024000828*1*14.59*10.42*0*12*CLAIMREF001*11~
CAS*CO*45*4.17~
SVC*HC:85025*14.59*10.42**1~
DTM*472*20241212~
CLP*MMC2024000001*1*5961.98*4258.56*0*12*CLAIMREF001*11~
CAS*CO*45*1703.42~
SVC*HC:27447*5961.98*4258.56**1~
DTM*472*20241201~
CLP*MMC2024000608*1*24.42*17.44*0*12*CLAIMREF001*11~
CAS*CO*45*6.98~
SVC*HC:80053*24.42*17.44**1~
DTM*472*20241224~
CLP*MMC2024000511*1*331.24*236.60*0*12*CLAIMREF001*11~
CAS*CO*45*94.64~
SVC*HC:99395*331.24*236.60**1~
DTM*472*20241226~
CLP*MMC2024000861*1*34.27*24.48*0*12*CLAIMREF001*11~
CAS*CO*45*9.79~
SVC*HC:93000*34.27*24.48**1~
DTM*472*20241226~
CLP*MMC2024000650*1*20.96*14.97*0*12*CLAIMREF001*11~
CAS*CO*45*5.99~
SVC*HC:80053*20.96*14.97**1~
DTM*472*20241205~
CLP*MMC2024000176*1*186.35*133.11*0*12*CLAIMREF001*11~
CAS*CO*45*53.24~
SVC*HC:99213*186.35*133.11**1~
DTM*472*20241205~
CLP*MMC2024000870*1*33.60*24.00*0*12*CLAIMREF001*11~
CAS*CO*45*9.60~
SVC*HC:93000*33.60*24.00**1~
DTM*472*20241221~
CLP*MMC2024001033*1*161.27*115.19*0*12*CLAIMREF001*11~
CAS*CO*45*46.08~
SVC*HC:99283*161.27*115.19**1~
DTM*472*20241221~
CLP*MMC2024000943*1*19.57*13.98*0*12*CLAIMREF001*11~
CAS*CO*45*5.59~
SVC*HC:36415*19.57*13.98**1~
DTM*472*20241216~
CLP*MMC2024000388*1*280.97*200.69*0*12*CLAIMREF001*11~
CAS*CO*45*80.28~
SVC*HC:99214*280.97*200.69**1~
DTM*472*20241201~
CLP*MMC2024000056*1*611.39*436.71*0*12*CLAIMREF001*11~
CAS*CO*45*174.68~
SVC*HC:93306*611.39*436.71**1~
DTM*472*20241213~
CLP*MMC2024000374*1*295.78*211.27*0*12*CLAIMREF001*11~
CAS*CO*45*84.51~
SVC*HC:99214*295.78*211.27**1~
DTM*472*20241219~
CLP*MMC2024000334*1*297.28*212.34*0*12*CLAIMREF001*11~
CAS*CO*45*84.94~
SVC*HC:99214*297.28*212.34**1~
DTM*472*20241221~
CLP*MMC2024000892*1*30.86*22.04*0*12*CLAIMREF001*11~
CAS*CO*45*8.82~
SVC*HC:93000*30.86*22.04**1~
DTM*472*20241203~
CLP*MMC2024000941*1*20.96*14.97*0*12*CLAIMREF001*11~
CAS*CO*45*5.99~
SVC*HC:36415*20.96*14.97**1~
DTM*472*20241213~
CLP*MMC2024000595*1*356.43*254.59*0*12*CLAIMREF001*11~
CAS*CO*45*101.84~
SVC*HC:99396*356.43*254.59**1~
DTM*472*20241205~
CLP*MMC2024000397*1*271.32*193.80*0*12*CLAIMREF001*11~
CAS*CO*45*77.52~
SVC*HC:99214*271.32*193.80**1~
DTM*472*20241204~
CLP*MMC2024000885*1*41.23*29.45*0*12*CLAIMREF001*11~
CAS*CO*45*11.78~
SVC*HC:93000*41.23*29.45**1~
DTM*472*20241227~
CLP*MMC2024000135*1*188.92*134.94*0*12*CLAIMREF001*11~
CAS*CO*45*53.98~
SVC*HC:99213*188.92*134.94**1~
DTM*472*20241201~
CLP*MMC2024000607*1*23.83*17.02*0*12*CLAIMREF001*11~
CAS*CO*45*6.81~
SVC*HC:80053*23.83*17.02**1~
DTM*472*20241208~
CLP*MMC2024000324*1*281.62*201.16*0*12*CLAIMREF001*11~
CAS*CO*45*80.46~
SVC*HC:99214*281.62*201.16**1~
DTM*472*20241202~
CLP*MMC2024001055*1*163.24*116.60*0*12*CLAIMREF001*11~
CAS*CO*45*46.64~
SVC*HC:99232*163.24*116.60**1~
DTM*472*20241214~
CLP*MMC2024000990*1*19.88*14.20*0*12*CLAIMREF001*11~
CAS*CO*45*5.68~
SVC*HC:36415*19.88*14.20**1~
DTM*472*20241210~
CLP*MMC2024000786*1*17.99*12.85*0*12*CLAIMREF001*11~
CAS*CO*45*5.14~
SVC*HC:85025*17.99*12.85**1~
DTM*472*20241221~
CLP*MMC2024000704*1*22.72*16.23*0*12*CLAIMREF001*11~
CAS*CO*45*6.49~
SVC*HC:80053*22.72*16.23**1~
DTM*472*20241219~
CLP*MMC2024000911*1*22.13*15.81*0*12*CLAIMREF001*11~
CAS*CO*45*6.32~
SVC*HC:36415*22.13*15.81**1~
DTM*472*20241218~
CLP*MMC2024000632*1*23.51*16.79*0*12*CLAIMREF001*11~
CAS*CO*45*6.72~
SVC*HC:80053*23.51*16.79**1~
DTM*472*20241218~
CLP*MMC2024000524*1*331.00*236.43*0*12*CLAIMREF001*11~
CAS*CO*45*94.57~
SVC*HC:99395*331.00*236.43**1~
DTM*472*20241211~
CLP*MMC2024001028*1*163.60*116.86*0*12*CLAIMREF001*11~
CAS*CO*45*46.74~
SVC*HC:99283*163.60*116.86**1~
DTM*472*20241220~
CLP*MMC2024000623*1*23.16*16.54*0*12*CLAIMREF001*11~
CAS*CO*45*6.62~
SVC*HC:80053*23.16*16.54**1~
DTM*472*20241215~
CLP*MMC2024000915*1*20.36*14.54*0*12*CLAIMREF001*11~
CAS*CO*45*5.82~
SVC*HC:36415*20.36*14.54**1~
DTM*472*20241212~
CLP*MMC2024000640*1*24.92*17.80*0*12*CLAIMREF001*11~
CAS*CO*45*7.12~
SVC*HC:80053*24.92*17.80**1~
DTM*472*20241228~
CLP*MMC2024000186*1*183.85*131.32*0*12*CLAIMREF001*11~
CAS*CO*45*52.53~
SVC*HC:99213*183.85*131.32**1~
DTM*472*20241211~
CLP*MMC2024000473*1*334.32*238.80*0*12*CLAIMREF001*11~
CAS*CO*45*95.52~
SVC*HC:99395*334.32*238.80**1~
DTM*472*20241214~
CLP*MMC2024000366*1*306.31*218.79*0*12*CLAIMREF001*11~
CAS*CO*45*87.52~
SVC*HC:99214*306.31*218.79**1~
DTM*472*20241209~
CLP*MMC2024000082*1*2969.09*2120.78*0*12*CLAIMREF001*11~
CAS*CO*45*848.31~
SVC*HC:75574*2969.09*2120.78**1~
DTM*472*20241216~
CLP*MMC2024000455*1*346.57*247.55*0*12*CLAIMREF001*11~
CAS*CO*45*99.02~
SVC*HC:99395*346.57*247.55**1~
DTM*472*20241223~
CLP*MMC2024000459*1*310.23*221.59*0*12*CLAIMREF001*11~
CAS*CO*45*88.64~
SVC*HC:99395*310.23*221.59**1~
DTM*472*20241214~
CLP*MMC2024000025*1*2660.85*1900.61*0*12*CLAIMREF001*11~
CAS*CO*45*760.24~
SVC*HC:73721*2660.85*1900.61**1~
DTM*472*20241220~
CLP*MMC2024000969*1*16.98*12.13*0*12*CLAIMREF001*11~
CAS*CO*45*4.85~
SVC*HC:36415*16.98*12.13**1~
DTM*472*20241205~
CLP*MMC2024000451*1*267.13*190.81*0*12*CLAIMREF001*11~
CAS*CO*45*76.32~
SVC*HC:99214*267.13*190.81**1~
DTM*472*20241210~
CLP*MMC2024000831*1*14.55*10.39*0*12*CLAIMREF001*11~
CAS*CO*45*4.16~
SVC*HC:85025*14.55*10.39**1~
DTM*472*20241223~
CLP*MMC2024000134*1*218.32*155.94*0*12*CLAIMREF001*11~
CAS*CO*45*62.38~
SVC*HC:99213*218.32*155.94**1~
DTM*472*20241202~
CLP*MMC2024000323*1*280.00*200.00*0*12*CLAIMREF001*11~
CAS*CO*45*80.00~
SVC*HC:99214*280.00*200.00**1~
DTM*472*20241228~
CLP*MMC2024000364*1*293.66*209.76*0*12*CLAIMREF001*11~
CAS*CO*45*83.90~
SVC*HC:99214*293.66*209.76**1~
DTM*472*20241214~
CLP*MMC2024000777*1*14.48*10.34*0*12*CLAIMREF001*11~
CAS*CO*45*4.14~
SVC*HC:85025*14.48*10.34**1~
DTM*472*20241217~
CLP*MMC2024000762*1*17.63*12.59*0*12*CLAIMREF001*11~
CAS*CO*45*5.04~
SVC*HC:85025*17.63*12.59**1~
DTM*472*20241219~
CLP*MMC2024000090*1*393.29*280.92*0*12*CLAIMREF001*11~
CAS*CO*45*112.37~
SVC*HC:20610*393.29*280.92**1~
DTM*472*20241205~
CLP*MMC2024000037*1*5398.75*3856.25*0*12*CLAIMREF001*11~
CAS*CO*45*1542.50~
SVC*HC:27130*5398.75*3856.25**1~
DTM*472*20241220~
CLP*MMC2024000793*1*14.28*10.20*0*12*CLAIMREF001*11~
CAS*CO*45*4.08~
SVC*HC:85025*14.28*10.20**1~
DTM*472*20241215~
CLP*MMC2024000908*1*19.14*13.67*0*12*CLAIMREF001*11~
CAS*CO*45*5.47~
SVC*HC:36415*19.14*13.67**1~
DTM*472*20241222~
CLP*MMC2024000726*1*17.86*12.76*0*12*CLAIMREF001*11~
CAS*CO*45*5.10~
SVC*HC:85025*17.86*12.76**1~
DTM*472*20241212~
CLP*MMC2024000076*1*987.28*705.20*0*12*CLAIMREF001*11~
CAS*CO*45*282.08~
SVC*HC:93350*987.28*705.20**1~
DTM*472*20241210~
CLP*MMC2024000027*1*2595.92*1854.23*0*12*CLAIMREF001*11~
CAS*CO*45*741.69~
SVC*HC:73721*2595.92*1854.23**1~
DTM*472*20241223~
CLP*MMC2024000396*1*281.23*200.88*0*12*CLAIMREF001*11~
CAS*CO*45*80.35~
SVC*HC:99214*281.23*200.88**1~
DTM*472*20241210~
CLP*MMC2024000241*1*195.19*139.42*0*12*CLAIMREF001*11~
CAS*CO*45*55.77~
SVC*HC:99213*195.19*139.42**1~
DTM*472*20241228~
CLP*MMC2024000832*1*17.93*12.81*0*12*CLAIMREF001*11~
CAS*CO*45*5.12~
SVC*HC:85025*17.93*12.81**1~
DTM*472*20241210~
CLP*MMC2024000376*1*275.48*196.77*0*12*CLAIMREF001*11~
CAS*CO*45*78.71~
SVC*HC:99214*275.48*196.77**1~
DTM*472*20241216~
CLP*MMC2024000437*1*286.05*204.32*0*12*CLAIMREF001*11~
CAS*CO*45*81.73~
SVC*HC:99214*286.05*204.32**1~
DTM*472*20241206~
CLP*MMC2024000151*1*206.99*147.85*0*12*CLAIMREF001*11~
CAS*CO*45*59.14~
SVC*HC:99213*206.99*147.85**1~
DTM*472*20241222~
CLP*MMC2024000499*1*359.13*256.52*0*12*CLAIMREF001*11~
CAS*CO*45*102.61~
SVC*HC:99395*359.13*256.52**1~
DTM*472*20241215~
CLP*MMC2024000647*1*20.79*14.85*0*12*CLAIMREF001*11~
CAS*CO*45*5.94~
SVC*HC:80053*20.79*14.85**1~
DTM*472*20241221~
CLP*MMC2024000567*1*386.47*276.05*0*12*CLAIMREF001*11~
CAS*CO*45*110.42~
SVC*HC:99396*386.47*276.05**1~
DTM*472*20241222~
CLP*MMC2024000494*1*362.50*258.93*0*12*CLAIMREF001*11~
CAS*CO*45*103.57~
SVC*HC:99395*362.50*258.93**1~
DTM*472*20241220~
CLP*MMC2024001009*1*166.32*118.80*0*12*CLAIMREF001*11~
CAS*CO*45*47.52~
SVC*HC:99283*166.32*118.80**1~
DTM*472*20241212~
CLP*MMC2024000706*1*21.45*15.32*0*12*CLAIMREF001*11~
CAS*CO*45*6.13~
SVC*HC:80053*21.45*15.32**1~
DTM*472*20241204~
CLP*MMC2024000149*1*222.35*158.82*0*12*CLAIMREF001*11~
CAS*CO*45*63.53~
SVC*HC:99213*222.35*158.82**1~
DTM*472*20241203~
CLP*MMC2024000143*1*191.14*136.53*0*12*CLAIMREF001*11~
CAS*CO*45*54.61~
SVC*HC:99213*191.14*136.53**1~
DTM*472*20241202~
CLP*MMC2024000133*1*202.40*144.57*0*12*CLAIMREF001*11~
CAS*CO*45*57.83~
SVC*HC:99213*202.40*144.57**1~
DTM*472*20241207~
CLP*MMC2024000688*1*20.16*14.40*0*12*CLAIMREF001*11~
CAS*CO*45*5.76~
SVC*HC:80053*20.16*14.40**1~
DTM*472*20241223~
CLP*MMC2024000974*1*18.56*13.26*0*12*CLAIMREF001*11~
CAS*CO*45*5.30~
SVC*HC:36415*18.56*13.26**1~
DTM*472*20241209~
CLP*MMC2024000067*1*441.83*315.59*0*12*CLAIMREF001*11~
CAS*CO*45*126.24~
SVC*HC:75571*441.83*315.59**1~
DTM*472*20241204~
CLP*MMC2024000026*1*2675.29*1910.92*0*12*CLAIMREF001*11~
CAS*CO*45*764.37~
SVC*HC:73721*2675.29*1910.92**1~
DTM*472*20241212~
CLP*MMC2024000500*1*361.03*257.88*0*12*CLAIMREF001*11~
CAS*CO*45*103.15~
SVC*HC:99395*361.03*257.88**1~
DTM*472*20241221~
CLP*MMC2024000441*1*273.11*195.08*0*12*CLAIMREF001*11~
CAS*CO*45*78.03~
SVC*HC:99214*273.11*195.08**1~
DTM*472*20241210~
CLP*MMC2024000111*1*221.30*158.07*0*12*CLAIMREF001*11~
CAS*CO*45*63.23~
SVC*HC:99213*221.30*158.07**1~
DTM*472*20241219~
CLP*MMC2024000085*1*3030.19*2164.42*0*12*CLAIMREF001*11~
CAS*CO*45*865.77~
SVC*HC:75574*3030.19*2164.42**1~
DTM*472*20241208~
CLP*MMC2024000946*1*17.26*12.33*0*12*CLAIMREF001*11~
CAS*CO*45*4.93~
SVC*HC:36415*17.26*12.33**1~
DTM*472*20241214~
CLP*MMC2024000395*1*275.21*196.58*0*12*CLAIMREF001*11~
CAS*CO*45*78.63~
SVC*HC:99214*275.21*196.58**1~
DTM*472*20241223~
CLP*MMC2024000527*1*329.62*235.44*0*12*CLAIMREF001*11~
CAS*CO*45*94.18~
SVC*HC:99395*329.62*235.44**1~
DTM*472*20241222~
CLP*MMC2024000188*1*223.15*159.39*0*12*CLAIMREF001*11~
CAS*CO*45*63.76~
SVC*HC:99213*223.15*159.39**1~
DTM*472*20241206~
CLP*MMC2024000993*1*21.99*15.71*0*12*CLAIMREF001*11~
CAS*CO*45*6.28~
SVC*HC:36415*21.99*15.71**1~
DTM*472*20241221~
CLP*MMC2024000811*1*18.13*12.95*0*12*CLAIMREF001*11~
CAS*CO*45*5.18~
SVC*HC:85025*18.13*12.95**1~
DTM*472*20241203~
CLP*MMC2024000765*1*15.22*10.87*0*12*CLAIMREF001*11~
CAS*CO*45*4.35~
SVC*HC:85025*15.22*10.87**1~
DTM*472*20241213~
CLP*MMC2024000166*1*185.08*132.20*0*12*CLAIMREF001*11~
CAS*CO*45*52.88~
SVC*HC:99213*185.08*132.20**1~
DTM*472*20241207~
CLP*MMC2024001034*1*143.33*102.38*0*12*CLAIMREF001*11~
CAS*CO*45*40.95~
SVC*HC:99283*143.33*102.38**1~
DTM*472*20241219~
CLP*MMC2024000750*1*15.26*10.90*0*12*CLAIMREF001*11~
CAS*CO*45*4.36~
SVC*HC:85025*15.26*10.90**1~
DTM*472*20241207~
CLP*MMC2024000276*1*189.39*135.28*0*12*CLAIMREF001*11~
CAS*CO*45*54.11~
SVC*HC:99213*189.39*135.28**1~
DTM*472*20241223~
CLP*MMC2024000687*1*22.43*16.02*0*12*CLAIMREF001*11~
CAS*CO*45*6.41~
SVC*HC:80053*22.43*16.02**1~
DTM*472*20241214~
CLP*MMC2024001069*1*155.90*111.36*0*12*CLAIMREF001*11~
CAS*CO*45*44.54~
SVC*HC:99232*155.90*111.36**1~
DTM*472*20241216~
CLP*MMC2024001067*1*134.71*96.22*0*12*CLAIMREF001*11~
CAS*CO*45*38.49~
SVC*HC:99232*134.71*96.22**1~
DTM*472*20241210~
CLP*MMC2024000452*1*288.16*205.83*0*12*CLAIMREF001*11~
CAS*CO*45*82.33~
SVC*HC:99214*288.16*205.83**1~
DTM*472*20241227~
CLP*MMC2024000744*1*15.81*11.29*0*12*CLAIMREF001*11~
CAS*CO*45*4.52~
SVC*HC:85025*15.81*11.29**1~
DTM*472*20241210~
CLP*MMC2024000872*1*37.02*26.44*0*12*CLAIMREF001*11~
CAS*CO*45*10.58~
SVC*HC:93000*37.02*26.44**1~
DTM*472*20241204~
CLP*MMC2024000959*1*22.11*15.79*0*12*CLAIMREF001*11~
CAS*CO*45*6.32~
SVC*HC:36415*22.11*15.79**1~
DTM*472*20241203~
CLP*MMC2024000629*1*24.57*17.55*0*12*CLAIMREF001*11~
CAS*CO*45*7.02~
SVC*HC:80053*24.57*17.55**1~
DTM*472*20241205~
CLP*MMC2024001075*1*147.01*105.01*0*12*CLAIMREF001*11~
CAS*CO*45*42.00~
SVC*HC:99232*147.01*105.01**1~
DTM*472*20241219~
CLP*MMC2024000513*1*308.14*220.10*0*12*CLAIMREF001*11~
CAS*CO*45*88.04~
SVC*HC:99395*308.14*220.10**1~
DTM*472*20241224~
CLP*MMC2024000266*1*223.33*159.52*0*12*CLAIMREF001*11~
CAS*CO*45*63.81~
SVC*HC:99213*223.33*159.52**1~
DTM*472*20241220~
CLP*MMC2024000108*1*203.59*145.42*0*12*CLAIMREF001*11~
CAS*CO*45*58.17~
SVC*HC:99213*203.59*145.42**1~
DTM*472*20241209~
CLP*MMC2024000928*1*20.80*14.86*0*12*CLAIMREF001*11~
CAS*CO*45*5.94~
SVC*HC:36415*20.80*14.86**1~
DTM*472*20241215~
CLP*MMC2024000502*1*360.23*257.31*0*12*CLAIMREF001*11~
CAS*CO*45*102.92~
SVC*HC:99395*360.23*257.31**1~
DTM*472*20241210~
CLP*MMC2024000738*1*16.59*11.85*0*12*CLAIMREF001*11~
CAS*CO*45*4.74~
SVC*HC:85025*16.59*11.85**1~
DTM*472*20241222~
CLP*MMC2024000372*1*304.79*217.71*0*12*CLAIMREF001*11~
CAS*CO*45*87.08~
SVC*HC:99214*304.79*217.71**1~
DTM*472*20241209~
CLP*MMC2024000725*1*16.95*12.11*0*12*CLAIMREF001*11~
CAS*CO*45*4.84~
SVC*HC:85025*16.95*12.11**1~
DTM*472*20241210~
CLP*MMC2024000123*1*189.99*135.71*0*12*CLAIMREF001*11~
CAS*CO*45*54.28~
SVC*HC:99213*189.99*135.71**1~
DTM*472*20241215~
CLP*MMC2024000730*1*17.11*12.22*0*12*CLAIMREF001*11~
CAS*CO*45*4.89~
SVC*HC:85025*17.11*12.22**1~
DTM*472*20241201~
CLP*MMC2024000760*1*14.18*10.13*0*12*CLAIMREF001*11~
CAS*CO*45*4.05~
SVC*HC:85025*14.18*10.13**1~
DTM*472*20241201~
CLP*MMC2024000019*1*2619.90*1871.36*0*12*CLAIMREF001*11~
CAS*CO*45*748.54~
SVC*HC:29881*2619.90*1871.36**1~
DTM*472*20241228~
CLP*MMC2024000097*1*400.34*285.96*0*12*CLAIMREF001*11~
CAS*CO*45*114.38~
SVC*HC:20610*400.34*285.96**1~
DTM*472*20241213~
CLP*MMC2024000798*1*14.15*10.11*0*12*CLAIMREF001*11~
CAS*CO*45*4.04~
SVC*HC:85025*14.15*10.11**1~
DTM*472*20241212~
CLP*MMC2024000422*1*266.31*190.22*0*12*CLAIMREF001*11~
CAS*CO*45*76.09~
SVC*HC:99214*266.31*190.22**1~
DTM*472*20241219~
CLP*MMC2024000184*1*184.13*131.52*0*12*CLAIMREF001*11~
CAS*CO*45*52.61~
SVC*HC:99213*184.13*131.52**1~
DTM*472*20241221~
CLP*MMC2024000288*1*200.90*143.50*0*12*CLAIMREF001*11~
CAS*CO*45*57.40~
SVC*HC:99213*200.90*143.50**1~
DTM*472*20241225~
CLP*MMC2024000817*1*17.85*12.75*0*12*CLAIMREF001*11~
CAS*CO*45*5.10~
SVC*HC:85025*17.85*12.75**1~
DTM*472*20241213~
CLP*MMC2024001038*1*179.87*128.48*0*12*CLAIMREF001*11~
CAS*CO*45*51.39~
SVC*HC:99283*179.87*128.48**1~
DTM*472*20241216~
CLP*MMC2024000715*1*20.20*14.43*0*12*CLAIMREF001*11~
CAS*CO*45*5.77~
SVC*HC:80053*20.20*14.43**1~
DTM*472*20241228~
CLP*MMC2024000078*1*962.37*687.41*0*12*CLAIMREF001*11~
CAS*CO*45*274.96~
SVC*HC:93350*962.37*687.41**1~
DTM*472*20241205~
CLP*MMC2024000505*1*362.89*259.21*0*12*CLAIMREF001*11~
CAS*CO*45*103.68~
SVC*HC:99395*362.89*259.21**1~
DTM*472*20241208~
CLP*MMC2024000036*1*5427.37*3876.69*0*12*CLAIMREF001*11~
CAS*CO*45*1550.68~
SVC*HC:27130*5427.37*3876.69**1~
DTM*472*20241222~
CLP*MMC2024001026*1*141.26*100.90*0*12*CLAIMREF001*11~
CAS*CO*45*40.36~
SVC*HC:99283*141.26*100.90**1~
DTM*472*20241219~
CLP*MMC2024000529*1*362.92*259.23*0*12*CLAIMREF001*11~
CAS*CO*45*103.69~
SVC*HC:99395*362.92*259.23**1~
DTM*472*20241216~
CLP*MMC2024000105*1*208.50*148.93*0*12*CLAIMREF001*11~
CAS*CO*45*59.57~
SVC*HC:99213*208.50*148.93**1~
DTM*472*20241208~
CLP*MMC2024000751*1*17.22*12.30*0*12*CLAIMREF001*11~
CAS*CO*45*4.92~
SVC*HC:85025*17.22*12.30**1~
DTM*472*20241225~
CLP*MMC2024000345*1*299.15*213.68*0*12*CLAIMREF001*11~
CAS*CO*45*85.47~
SVC*HC:99214*299.15*213.68**1~
DTM*472*20241210~
CLP*MMC2024000218*1*218.60*156.14*0*12*CLAIMREF001*11~
CAS*CO*45*62.46~
SVC*HC:99213*218.60*156.14**1~
DTM*472*20241208~
CLP*MMC2024000961*1*18.83*13.45*0*12*CLAIMREF001*11~
CAS*CO*45*5.38~
SVC*HC:36415*18.83*13.45**1~
DTM*472*20241226~
CLP*MMC2024000018*1*2621.40*1872.43*0*12*CLAIMREF001*11~
CAS*CO*45*748.97~
SVC*HC:29881*2621.40*1872.43**1~
DTM*472*20241213~
CLP*MMC2024000381*1*293.36*209.54*0*12*CLAIMREF001*11~
CAS*CO*45*83.82~
SVC*HC:99214*293.36*209.54**1~
DTM*472*20241209~
CLP*MMC2024000985*1*17.77*12.69*0*12*CLAIMREF001*11~
CAS*CO*45*5.08~
SVC*HC:36415*17.77*12.69**1~
DTM*472*20241223~
CLP*MMC2024000987*1*21.34*15.24*0*12*CLAIMREF001*11~
CAS*CO*45*6.10~
SVC*HC:36415*21.34*15.24**1~
DTM*472*20241228~
CLP*MMC2024000905*1*20.82*14.87*0*12*CLAIMREF001*11~
CAS*CO*45*5.95~
SVC*HC:36415*20.82*14.87**1~
DTM*472*20241210~
CLP*MMC2024000113*1*214.96*153.54*0*12*CLAIMREF001*11~
CAS*CO*45*61.42~
SVC*HC:99213*214.96*153.54**1~
DTM*472*20241226~
CLP*MMC2024000925*1*20.64*14.74*0*12*CLAIMREF001*11~
CAS*CO*45*5.90~
SVC*HC:36415*20.64*14.74**1~
DTM*472*20241223~
CLP*MMC2024000320*1*260.32*185.94*0*12*CLAIMREF001*11~
CAS*CO*45*74.38~
SVC*HC:99214*260.32*185.94**1~
DTM*472*20241213~
CLP*MMC2024000795*1*15.15*10.82*0*12*CLAIMREF001*11~
CAS*CO*45*4.33~
SVC*HC:85025*15.15*10.82**1~
DTM*472*20241202~
CLP*MMC2024000187*1*214.38*153.13*0*12*CLAIMREF001*11~
CAS*CO*45*61.25~
SVC*HC:99213*214.38*153.13**1~
DTM*472*20241221~
CLP*MMC2024000313*1*282.93*202.09*0*12*CLAIMREF001*11~
CAS*CO*45*80.84~
SVC*HC:99214*282.93*202.09**1~
DTM*472*20241209~
CLP*MMC2024000826*1*17.67*12.62*0*12*CLAIMREF001*11~
CAS*CO*45*5.05~
SVC*HC:85025*17.67*12.62**1~
DTM*472*20241211~
CLP*MMC2024000565*1*350.29*250.21*0*12*CLAIMREF001*11~
CAS*CO*45*100.08~
SVC*HC:99396*350.29*250.21**1~
DTM*472*20241201~
CLP*MMC2024000375*1*288.90*206.36*0*12*CLAIMREF001*11~
CAS*CO*45*82.54~
SVC*HC:99214*288.90*206.36**1~
DTM*472*20241213~
CLP*MMC2024000356*1*297.35*212.39*0*12*CLAIMREF001*11~
CAS*CO*45*84.96~
SVC*HC:99214*297.35*212.39**1~
DTM*472*20241212~
CLP*MMC2024000367*1*289.18*206.56*0*12*CLAIMREF001*11~
CAS*CO*45*82.62~
SVC*HC:99214*289.18*206.56**1~
DTM*472*20241218~
CLP*MMC2024000352*1*270.90*193.50*0*12*CLAIMREF001*11~
CAS*CO*45*77.40~
SVC*HC:99214*270.90*193.50**1~
DTM*472*20241223~
CLP*MMC2024000932*1*22.02*15.73*0*12*CLAIMREF001*11~
CAS*CO*45*6.29~
SVC*HC:36415*22.02*15.73**1~
DTM*472*20241217~
CLP*MMC2024000145*1*184.56*131.83*0*12*CLAIMREF001*11~
CAS*CO*45*52.73~
SVC*HC:99213*184.56*131.83**1~
DTM*472*20241211~
CLP*MMC2024000926*1*19.47*13.91*0*12*CLAIMREF001*11~
CAS*CO*45*5.56~
SVC*HC:36415*19.47*13.91**1~
DTM*472*20241206~
CLP*MMC2024000030*1*2700.99*1929.28*0*12*CLAIMREF001*11~
CAS*CO*45*771.71~
SVC*HC:73721*2700.99*1929.28**1~
DTM*472*20241228~
CLP*MMC2024000742*1*15.15*10.82*0*12*CLAIMREF001*11~
CAS*CO*45*4.33~
SVC*HC:85025*15.15*10.82**1~
DTM*472*20241225~
CLP*MMC2024000448*1*270.02*192.87*0*12*CLAIMREF001*11~
CAS*CO*45*77.15~
SVC*HC:99214*270.02*192.87**1~
DTM*472*20241205~
CLP*MMC2024000202*1*205.52*146.80*0*12*CLAIMREF001*11~
CAS*CO*45*58.72~
SVC*HC:99213*205.52*146.80**1~
DTM*472*20241228~
CLP*MMC2024000603*1*390.18*278.70*0*12*CLAIMREF001*11~
CAS*CO*45*111.48~
SVC*HC:99396*390.18*278.70**1~
DTM*472*20241210~
CLP*MMC2024000414*1*259.60*185.43*0*12*CLAIMREF001*11~
CAS*CO*45*74.17~
SVC*HC:99214*259.60*185.43**1~
DTM*472*20241210~
CLP*MMC2024000834*1*17.32*12.37*0*12*CLAIMREF001*11~
CAS*CO*45*4.95~
SVC*HC:85025*17.32*12.37**1~
DTM*472*20241227~
CLP*MMC2024000373*1*302.20*215.86*0*12*CLAIMREF001*11~
CAS*CO*45*86.34~
SVC*HC:99214*302.20*215.86**1~
DTM*472*20241208~
CLP*MMC2024000531*1*336.13*240.09*0*12*CLAIMREF001*11~
CAS*CO*45*96.04~
SVC*HC:99395*336.13*240.09**1~
DTM*472*20241219~
CLP*MMC2024000429*1*303.52*216.80*0*12*CLAIMREF001*11~
CAS*CO*45*86.72~
SVC*HC:99214*303.52*216.80**1~
DTM*472*20241210~
CLP*MMC2024000312*1*288.55*206.11*0*12*CLAIMREF001*11~
CAS*CO*45*82.44~
SVC*HC:99214*288.55*206.11**1~
DTM*472*20241208~
CLP*MMC2024000800*1*16.70*11.93*0*12*CLAIMREF001*11~
CAS*CO*45*4.77~
SVC*HC:85025*16.70*11.93**1~
DTM*472*20241228~
CLP*MMC2024000700*1*19.98*14.27*0*12*CLAIMREF001*11~
CAS*CO*45*5.71~
SVC*HC:80053*19.98*14.27**1~
DTM*472*20241227~
CLP*MMC2024000091*1*377.43*269.59*0*12*CLAIMREF001*11~
CAS*CO*45*107.84~
SVC*HC:20610*377.43*269.59**1~
DTM*472*20241216~
CLP*MMC2024000161*1*187.50*133.93*0*12*CLAIMREF001*11~
CAS*CO*45*53.57~
SVC*HC:99213*187.50*133.93**1~
DTM*472*20241221~
CLP*MMC2024000569*1*360.74*257.67*0*12*CLAIMREF001*11~
CAS*CO*45*103.07~
SVC*HC:99396*360.74*257.67**1~
DTM*472*20241212~
CLP*MMC2024000919*1*20.48*14.63*0*12*CLAIMREF001*11~
CAS*CO*45*5.85~
SVC*HC:36415*20.48*14.63**1~
DTM*472*20241204~
CLP*MMC2024000165*1*223.93*159.95*0*12*CLAIMREF001*11~
CAS*CO*45*63.98~
SVC*HC:99213*223.93*159.95**1~
DTM*472*20241204~
CLP*MMC2024000604*1*23.79*16.99*0*12*CLAIMREF001*11~
CAS*CO*45*6.80~
SVC*HC:80053*23.79*16.99**1~
DTM*472*20241211~
CLP*MMC2024000860*1*33.42*23.87*0*12*CLAIMREF001*11~
CAS*CO*45*9.55~
SVC*HC:93000*33.42*23.87**1~
DTM*472*20241208~
CLP*MMC2024000641*1*21.63*15.45*0*12*CLAIMREF001*11~
CAS*CO*45*6.18~
SVC*HC:80053*21.63*15.45**1~
DTM*472*20241222~
CLP*MMC2024000172*1*194.71*139.08*0*12*CLAIMREF001*11~
CAS*CO*45*55.63~
SVC*HC:99213*194.71*139.08**1~
DTM*472*20241226~
CLP*MMC2024001037*1*159.74*114.10*0*12*CLAIMREF001*11~
CAS*CO*45*45.64~
SVC*HC:99283*159.74*114.10**1~
DTM*472*20241221~
CLP*MMC2024000752*1*15.08*10.77*0*12*CLAIMREF001*11~
CAS*CO*45*4.31~
SVC*HC:85025*15.08*10.77**1~
DTM*472*20241211~
CLP*MMC2024000729*1*15.68*11.20*0*12*CLAIMREF001*11~
CAS*CO*45*4.48~
SVC*HC:85025*15.68*11.20**1~
DTM*472*20241205~
CLP*MMC2024000171*1*217.01*155.01*0*12*CLAIMREF001*11~
CAS*CO*45*62.00~
SVC*HC:99213*217.01*155.01**1~
DTM*472*20241223~
CLP*MMC2024000203*1*199.07*142.19*0*12*CLAIMREF001*11~
CAS*CO*45*56.88~
SVC*HC:99213*199.07*142.19**1~
DTM*472*20241220~
CLP*MMC2024001059*1*158.24*113.03*0*12*CLAIMREF001*11~
CAS*CO*45*45.21~
SVC*HC:99232*158.24*113.03**1~
DTM*472*20241207~
CLP*MMC2024000156*1*199.61*142.58*0*12*CLAIMREF001*11~
CAS*CO*45*57.03~
SVC*HC:99213*199.61*142.58**1~
DTM*472*20241219~
CLP*MMC2024000797*1*15.30*10.93*0*12*CLAIMREF001*11~
CAS*CO*45*4.37~
SVC*HC:85025*15.30*10.93**1~
DTM*472*20241215~
CLP*MMC2024000340*1*286.64*204.74*0*12*CLAIMREF001*11~
CAS*CO*45*81.90~
SVC*HC:99214*286.64*204.74**1~
DTM*472*20241207~
CLP*MMC2024000235*1*203.84*145.60*0*12*CLAIMREF001*11~
CAS*CO*45*58.24~
SVC*HC:99213*203.84*145.60**1~
DTM*472*20241226~
CLP*MMC2024000716*1*22.72*16.23*0*12*CLAIMREF001*11~
CAS*CO*45*6.49~
SVC*HC:80053*22.72*16.23**1~
DTM*472*20241204~
CLP*MMC2024000677*1*24.35*17.39*0*12*CLAIMREF001*11~
CAS*CO*45*6.96~
SVC*HC:80053*24.35*17.39**1~
DTM*472*20241214~
CLP*MMC2024000415*1*282.00*201.43*0*12*CLAIMREF001*11~
CAS*CO*45*80.57~
SVC*HC:99214*282.00*201.43**1~
DTM*472*20241215~
CLP*MMC2024000129*1*184.13*131.52*0*12*CLAIMREF001*11~
CAS*CO*45*52.61~
SVC*HC:99213*184.13*131.52**1~
DTM*472*20241218~
CLP*MMC2024000449*1*303.51*216.79*0*12*CLAIMREF001*11~
CAS*CO*45*86.72~
SVC*HC:99214*303.51*216.79**1~
DTM*472*20241227~
CLP*MMC2024000400*1*305.59*218.28*0*12*CLAIMREF001*11~
CAS*CO*45*87.31~
SVC*HC:99214*305.59*218.28**1~
DTM*472*20241223~
CLP*MMC2024000525*1*349.71*249.79*0*12*CLAIMREF001*11~
CAS*CO*45*99.92~
SVC*HC:99395*349.71*249.79**1~
DTM*472*20241223~
CLP*MMC2024000399*1*264.85*189.18*0*12*CLAIMREF001*11~
CAS*CO*45*75.67~
SVC*HC:99214*264.85*189.18**1~
DTM*472*20241218~
CLP*MMC2024000216*1*220.57*157.55*0*12*CLAIMREF001*11~
CAS*CO*45*63.02~
SVC*HC:99213*220.57*157.55**1~
DTM*472*20241212~
CLP*MMC2024000142*1*188.50*134.64*0*12*CLAIMREF001*11~
CAS*CO*45*53.86~
SVC*HC:99213*188.50*134.64**1~
DTM*472*20241210~
CLP*MMC2024000705*1*24.96*17.83*0*12*CLAIMREF001*11~
CAS*CO*45*7.13~
SVC*HC:80053*24.96*17.83**1~
DTM*472*20241218~
CLP*MMC2024000086*1*2810.02*2007.16*0*12*CLAIMREF001*11~
CAS*CO*45*802.86~
SVC*HC:75574*2810.02*2007.16**1~
DTM*472*20241219~
CLP*MMC2024001083*1*146.79*104.85*0*12*CLAIMREF001*11~
CAS*CO*45*41.94~
SVC*HC:99232*146.79*104.85**1~
DTM*472*20241226~
CLP*MMC2024000585*1*379.44*271.03*0*12*CLAIMREF001*11~
CAS*CO*45*108.41~
SVC*HC:99396*379.44*271.03**1~
DTM*472*20241208~
CLP*MMC2024000995*1*19.66*14.04*0*12*CLAIMREF001*11~
CAS*CO*45*5.62~
SVC*HC:36415*19.66*14.04**1~
DTM*472*20241204~
CLP*MMC2024000456*1*330.54*236.10*0*12*CLAIMREF001*11~
CAS*CO*45*94.44~
SVC*HC:99395*330.54*236.10**1~
DTM*472*20241209~
CLP*MMC2024000514*1*324.72*231.94*0*12*CLAIMREF001*11~
CAS*CO*45*92.78~
SVC*HC:99395*324.72*231.94**1~
DTM*472*20241219~
CLP*MMC2024000348*1*292.19*208.71*0*12*CLAIMREF001*11~
CAS*CO*45*83.48~
SVC*HC:99214*292.19*208.71**1~
DTM*472*20241213~
CLP*MMC2024000446*1*291.40*208.14*0*12*CLAIMREF001*11~
CAS*CO*45*83.26~
SVC*HC:99214*291.40*208.14**1~
DTM*472*20241207~
CLP*MMC2024000304*1*305.35*218.11*0*12*CLAIMREF001*11~
CAS*CO*45*87.24~
SVC*HC:99214*305.35*218.11**1~
DTM*472*20241201~
CLP*MMC2024000482*1*362.33*258.81*0*12*CLAIMREF001*11~
CAS*CO*45*103.52~
SVC*HC:99395*362.33*258.81**1~
DTM*472*20241213~
CLP*MMC2024000087*1*3071.40*2193.86*0*12*CLAIMREF001*11~
CAS*CO*45*877.54~
SVC*HC:75574*3071.40*2193.86**1~
DTM*472*20241203~
CLP*MMC2024000267*1*217.69*155.49*0*12*CLAIMREF001*11~
CAS*CO*45*62.20~
SVC*HC:99213*217.69*155.49**1~
DTM*472*20241203~
CLP*MMC2024000901*1*31.50*22.50*0*12*CLAIMREF001*11~
CAS*CO*45*9.00~
SVC*HC:93000*31.50*22.50**1~
DTM*472*20241227~
CLP*MMC2024000740*1*16.79*11.99*0*12*CLAIMREF001*11~
CAS*CO*45*4.80~
SVC*HC:85025*16.79*11.99**1~
DTM*472*20241216~
CLP*MMC2024001066*1*140.53*100.38*0*12*CLAIMREF001*11~
CAS*CO*45*40.15~
SVC*HC:99232*140.53*100.38**1~
DTM*472*20241212~
CLP*MMC2024000963*1*22.13*15.81*0*12*CLAIMREF001*11~
CAS*CO*45*6.32~
SVC*HC:36415*22.13*15.81**1~
DTM*472*20241205~
CLP*MMC2024000199*1*219.76*156.97*0*12*CLAIMREF001*11~
CAS*CO*45*62.79~
SVC*HC:99213*219.76*156.97**1~
DTM*472*20241207~
CLP*MMC2024000665*1*21.08*15.06*0*12*CLAIMREF001*11~
CAS*CO*45*6.02~
SVC*HC:80053*21.08*15.06**1~
DTM*472*20241205~
CLP*MMC2024001012*1*161.80*115.57*0*12*CLAIMREF001*11~
CAS*CO*45*46.23~
SVC*HC:99283*161.80*115.57**1~
DTM*472*20241225~
CLP*MMC2024000493*1*335.15*239.39*0*12*CLAIMREF001*11~
CAS*CO*45*95.76~
SVC*HC:99395*335.15*239.39**1~
DTM*472*20241201~
CLP*MMC2024000840*1*14.07*10.05*0*12*CLAIMREF001*11~
CAS*CO*45*4.02~
SVC*HC:85025*14.07*10.05**1~
DTM*472*20241210~
CLP*MMC2024000855*1*38.88*27.77*0*12*CLAIMREF001*11~
CAS*CO*45*11.11~
SVC*HC:93000*38.88*27.77**1~
DTM*472*20241202~
CLP*MMC2024000307*1*259.29*185.21*0*12*CLAIMREF001*11~
CAS*CO*45*74.08~
SVC*HC:99214*259.29*185.21**1~
DTM*472*20241212~
CLP*MMC2024000804*1*17.11*12.22*0*12*CLAIMREF001*11~
CAS*CO*45*4.89~
SVC*HC:85025*17.11*12.22**1~
DTM*472*20241202~
CLP*MMC2024000444*1*304.28*217.34*0*12*CLAIMREF001*11~
CAS*CO*45*86.94~
SVC*HC:99214*304.28*217.34**1~
DTM*472*20241226~
CLP*MMC2024000362*1*306.08*218.63*0*12*CLAIMREF001*11~
CAS*CO*45*87.45~
SVC*HC:99214*306.08*218.63**1~
DTM*472*20241221~
CLP*MMC2024000504*1*331.27*236.62*0*12*CLAIMREF001*11~
CAS*CO*45*94.65~
SVC*HC:99395*331.27*236.62**1~
DTM*472*20241216~
CLP*MMC2024000656*1*20.43*14.59*0*12*CLAIMREF001*11~
CAS*CO*45*5.84~
SVC*HC:80053*20.43*14.59**1~
DTM*472*20241220~
CLP*MMC2024000014*1*2800.66*2000.47*0*12*CLAIMREF001*11~
CAS*CO*45*800.19~
SVC*HC:29881*2800.66*2000.47**1~
DTM*472*20241206~
CLP*MMC2024000447*1*279.83*199.88*0*12*CLAIMREF001*11~
CAS*CO*45*79.95~
SVC*HC:99214*279.83*199.88**1~
DTM*472*20241218~
CLP*MMC2024000944*1*18.86*13.47*0*12*CLAIMREF001*11~
CAS*CO*45*5.39~
SVC*HC:36415*18.86*13.47**1~
DTM*472*20241226~
CLP*MMC2024000950*1*17.37*12.41*0*12*CLAIMREF001*11~
CAS*CO*45*4.96~
SVC*HC:36415*17.37*12.41**1~
DTM*472*20241211~
CLP*MMC2024000285*1*199.92*142.80*0*12*CLAIMREF001*11~
CAS*CO*45*57.12~
SVC*HC:99213*199.92*142.80**1~
DTM*472*20241218~
CLP*MMC2024000994*1*17.78*12.70*0*12*CLAIMREF001*11~
CAS*CO*45*5.08~
SVC*HC:36415*17.78*12.70**1~
DTM*472*20241212~
CLP*MMC2024000230*1*215.03*153.59*0*12*CLAIMREF001*11~
CAS*CO*45*61.44~
SVC*HC:99213*215.03*153.59**1~
DTM*472*20241214~
CLP*MMC2024000554*1*338.58*241.84*0*12*CLAIMREF001*11~
CAS*CO*45*96.74~
SVC*HC:99396*338.58*241.84**1~
DTM*472*20241226~
CLP*MMC2024000359*1*290.72*207.66*0*12*CLAIMREF001*11~
CAS*CO*45*83.06~
SVC*HC:99214*290.72*207.66**1~
DTM*472*20241201~
CLP*MMC2024000045*1*572.07*408.62*0*12*CLAIMREF001*11~
CAS*CO*45*163.45~
SVC*HC:93306*572.07*408.62**1~
DTM*472*20241202~
CLP*MMC2024000068*1*441.88*315.63*0*12*CLAIMREF001*11~
CAS*CO*45*126.25~
SVC*HC:75571*441.88*315.63**1~
DTM*472*20241218~
CLP*MMC2024000589*1*378.31*270.22*0*12*CLAIMREF001*11~
CAS*CO*45*108.09~
SVC*HC:99396*378.31*270.22**1~
DTM*472*20241225~
CLP*MMC2024001045*1*138.03*98.59*0*12*CLAIMREF001*11~
CAS*CO*45*39.44~
SVC*HC:99232*138.03*98.59**1~
DTM*472*20241228~
CLP*MMC2024000579*1*372.86*266.33*0*12*CLAIMREF001*11~
CAS*CO*45*106.53~
SVC*HC:99396*372.86*266.33**1~
DTM*472*20241209~
CLP*MMC2024000228*1*183.61*131.15*0*12*CLAIMREF001*11~
CAS*CO*45*52.46~
SVC*HC:99213*183.61*131.15**1~
DTM*472*20241220~
CLP*MMC2024000158*1*221.26*158.04*0*12*CLAIMREF001*11~
CAS*CO*45*63.22~
SVC*HC:99213*221.26*158.04**1~
DTM*472*20241207~
CLP*MMC2024000003*1*5717.25*4083.75*0*12*CLAIMREF001*11~
CAS*CO*45*1633.50~
SVC*HC:27447*5717.25*4083.75**1~
DTM*472*20241224~
CLP*MMC2024000893*1*31.01*22.15*0*12*CLAIMREF001*11~
CAS*CO*45*8.86~
SVC*HC:93000*31.01*22.15**1~
DTM*472*20241207~
CLP*MMC2024000802*1*16.13*11.52*0*12*CLAIMREF001*11~
CAS*CO*45*4.61~
SVC*HC:85025*16.13*11.52**1~
DTM*472*20241215~
CLP*MMC2024000709*1*21.97*15.69*0*12*CLAIMREF001*11~
CAS*CO*45*6.28~
SVC*HC:80053*21.97*15.69**1~
DTM*472*20241224~
CLP*MMC2024000163*1*221.02*157.87*0*12*CLAIMREF001*11~
CAS*CO*45*63.15~
SVC*HC:99213*221.02*157.87**1~
DTM*472*20241203~
CLP*MMC2024000394*1*307.83*219.88*0*12*CLAIMREF001*11~
CAS*CO*45*87.95~
SVC*HC:99214*307.83*219.88**1~
DTM*472*20241218~
CLP*MMC2024000821*1*15.40*11.00*0*12*CLAIMREF001*11~
CAS*CO*45*4.40~
SVC*HC:85025*15.40*11.00**1~
DTM*472*20241211~
CLP*MMC2024000562*1*349.48*249.63*0*12*CLAIMREF001*11~
CAS*CO*45*99.85~
SVC*HC:99396*349.48*249.63**1~
DTM*472*20241219~
CLP*MMC2024000421*1*292.64*209.03*0*12*CLAIMREF001*11~
CAS*CO*45*83.61~
SVC*HC:99214*292.64*209.03**1~
DTM*472*20241205~
CLP*MMC2024000079*1*940.00*671.43*0*12*CLAIMREF001*11~
CAS*CO*45*268.57~
SVC*HC:93350*940.00*671.43**1~
DTM*472*20241206~
CLP*MMC2024001013*1*180.35*128.82*0*12*CLAIMREF001*11~
CAS*CO*45*51.53~
SVC*HC:99283*180.35*128.82**1~
DTM*472*20241214~
CLP*MMC2024000433*1*263.86*188.47*0*12*CLAIMREF001*11~
CAS*CO*45*75.39~
SVC*HC:99214*263.86*188.47**1~
DTM*472*20241225~
CLP*MMC2024000884*1*33.32*23.80*0*12*CLAIMREF001*11~
CAS*CO*45*9.52~
SVC*HC:93000*33.32*23.80**1~
DTM*472*20241211~
CLP*MMC2024000127*1*200.61*143.29*0*12*CLAIMREF001*11~
CAS*CO*45*57.32~
SVC*HC:99213*200.61*143.29**1~
DTM*472*20241228~
CLP*MMC2024000152*1*218.19*155.85*0*12*CLAIMREF001*11~
CAS*CO*45*62.34~
SVC*HC:99213*218.19*155.85**1~
DTM*472*20241213~
CLP*MMC2024000507*1*329.48*235.34*0*12*CLAIMREF001*11~
CAS*CO*45*94.14~
SVC*HC:99395*329.48*235.34**1~
DTM*472*20241220~
CLP*MMC2024000958*1*20.38*14.56*0*12*CLAIMREF001*11~
CAS*CO*45*5.82~
SVC*HC:36415*20.38*14.56**1~
DTM*472*20241226~
CLP*MMC2024000442*1*293.44*209.60*0*12*CLAIMREF001*11~
CAS*CO*45*83.84~
SVC*HC:99214*293.44*209.60**1~
DTM*472*20241215~
CLP*MMC2024000596*1*341.05*243.61*0*12*CLAIMREF001*11~
CAS*CO*45*97.44~
SVC*HC:99396*341.05*243.61**1~
DTM*472*20241210~
CLP*MMC2024000300*1*195.90*139.93*0*12*CLAIMREF001*11~
CAS*CO*45*55.97~
SVC*HC:99213*195.90*139.93**1~
DTM*472*20241215~
CLP*MMC2024000349*1*278.43*198.88*0*12*CLAIMREF001*11~
CAS*CO*45*79.55~
SVC*HC:99214*278.43*198.88**1~
DTM*472*20241223~
CLP*MMC2024000096*1*401.02*286.44*0*12*CLAIMREF001*11~
CAS*CO*45*114.58~
SVC*HC:20610*401.02*286.44**1~
DTM*472*20241207~
CLP*MMC2024000222*1*193.72*138.37*0*12*CLAIMREF001*11~
CAS*CO*45*55.35~
SVC*HC:99213*193.72*138.37**1~
DTM*472*20241221~
CLP*MMC2024000584*1*386.64*276.17*0*12*CLAIMREF001*11~
CAS*CO*45*110.47~
SVC*HC:99396*386.64*276.17**1~
DTM*472*20241210~
CLP*MMC2024000284*1*216.23*154.45*0*12*CLAIMREF001*11~
CAS*CO*45*61.78~
SVC*HC:99213*216.23*154.45**1~
DTM*472*20241217~
CLP*MMC2024000692*1*20.80*14.86*0*12*CLAIMREF001*11~
CAS*CO*45*5.94~
SVC*HC:80053*20.80*14.86**1~
DTM*472*20241215~
CLP*MMC2024000117*1*201.61*144.01*0*12*CLAIMREF001*11~
CAS*CO*45*57.60~
SVC*HC:99213*201.61*144.01**1~
DTM*472*20241224~
CLP*MMC2024000536*1*358.96*256.40*0*12*CLAIMREF001*11~
CAS*CO*45*102.56~
SVC*HC:99396*358.96*256.40**1~
DTM*472*20241221~
CLP*MMC2024000769*1*17.86*12.76*0*12*CLAIMREF001*11~
CAS*CO*45*5.10~
SVC*HC:85025*17.86*12.76**1~
DTM*472*20241203~
CLP*MMC2024000140*1*223.80*159.86*0*12*CLAIMREF001*11~
CAS*CO*45*63.94~
SVC*HC:99213*223.80*159.86**1~
DTM*472*20241218~
CLP*MMC2024000996*1*22.32*15.94*0*12*CLAIMREF001*11~
CAS*CO*45*6.38~
SVC*HC:36415*22.32*15.94**1~
DTM*472*20241226~
CLP*MMC2024000577*1*368.19*262.99*0*12*CLAIMREF001*11~
CAS*CO*45*105.20~
SVC*HC:99396*368.19*262.99**1~
DTM*472*20241223~
CLP*MMC2024000168*1*221.20*158.00*0*12*CLAIMREF001*11~
CAS*CO*45*63.20~
SVC*HC:99213*221.20*158.00**1~
DTM*472*20241203~
CLP*MMC2024000401*1*268.07*191.48*0*12*CLAIMREF001*11~
CAS*CO*45*76.59~
SVC*HC:99214*268.07*191.48**1~
DTM*472*20241207~
CLP*MMC2024000989*1*18.75*13.39*0*12*CLAIMREF001*11~
CAS*CO*45*5.36~
SVC*HC:36415*18.75*13.39**1~
DTM*472*20241203~
CLP*MMC2024000801*1*14.38*10.27*0*12*CLAIMREF001*11~
CAS*CO*45*4.11~
SVC*HC:85025*14.38*10.27**1~
DTM*472*20241220~
CLP*MMC2024000639*1*20.82*14.87*0*12*CLAIMREF001*11~
CAS*CO*45*5.95~
SVC*HC:80053*20.82*14.87**1~
DTM*472*20241215~
CLP*MMC2024000175*1*194.57*138.98*0*12*CLAIMREF001*11~
CAS*CO*45*55.59~
SVC*HC:99213*194.57*138.98**1~
DTM*472*20241222~
CLP*MMC2024000799*1*17.50*12.50*0*12*CLAIMREF001*11~
CAS*CO*45*5.00~
SVC*HC:85025*17.50*12.50**1~
DTM*472*20241203~
CLP*MMC2024000119*1*223.33*159.52*0*12*CLAIMREF001*11~
CAS*CO*45*63.81~
SVC*HC:99213*223.33*159.52**1~
DTM*472*20241204~
CLP*MMC2024000535*1*336.85*240.61*0*12*CLAIMREF001*11~
CAS*CO*45*96.24~
SVC*HC:99396*336.85*240.61**1~
DTM*472*20241205~
CLP*MMC2024000051*1*581.87*415.62*0*12*CLAIMREF001*11~
CAS*CO*45*166.25~
SVC*HC:93306*581.87*415.62**1~
DTM*472*20241221~
CLP*MMC2024000028*1*2465.12*1760.80*0*12*CLAIMREF001*11~
CAS*CO*45*704.32~
SVC*HC:73721*2465.12*1760.80**1~
DTM*472*20241222~
CLP*MMC2024001015*1*135.72*96.94*0*12*CLAIMREF001*11~
CAS*CO*45*38.78~
SVC*HC:99283*135.72*96.94**1~
DTM*472*20241204~
CLP*MMC2024000382*1*286.23*204.45*0*12*CLAIMREF001*11~
CAS*CO*45*81.78~
SVC*HC:99214*286.23*204.45**1~
DTM*472*20241217~
CLP*MMC2024000257*1*219.86*157.04*0*12*CLAIMREF001*11~
CAS*CO*45*62.82~
SVC*HC:99213*219.86*157.04**1~
DTM*472*20241226~
CLP*MMC2024000462*1*320.82*229.16*0*12*CLAIMREF001*11~
CAS*CO*45*91.66~
SVC*HC:99395*320.82*229.16**1~
DTM*472*20241222~
CLP*MMC2024000763*1*15.81*11.29*0*12*CLAIMREF001*11~
CAS*CO*45*4.52~
SVC*HC:85025*15.81*11.29**1~
DTM*472*20241213~
CLP*MMC2024000624*1*24.70*17.64*0*12*CLAIMREF001*11~
CAS*CO*45*7.06~
SVC*HC:80053*24.70*17.64**1~
DTM*472*20241210~
CLP*MMC2024000072*1*7106.96*5076.40*0*12*CLAIMREF001*11~
CAS*CO*45*2030.56~
SVC*HC:22551*7106.96*5076.40**1~
DTM*472*20241224~
CLP*MMC2024000379*1*298.09*212.92*0*12*CLAIMREF001*11~
CAS*CO*45*85.17~
SVC*HC:99214*298.09*212.92**1~
DTM*472*20241211~
CLP*MMC2024000847*1*39.44*28.17*0*12*CLAIMREF001*11~
CAS*CO*45*11.27~
SVC*HC:93000*39.44*28.17**1~
DTM*472*20241227~
CLP*MMC2024000997*1*17.58*12.56*0*12*CLAIMREF001*11~
CAS*CO*45*5.02~
SVC*HC:36415*17.58*12.56**1~
DTM*472*20241226~
CLP*MMC2024000602*1*387.18*276.56*0*12*CLAIMREF001*11~
CAS*CO*45*110.62~
SVC*HC:99396*387.18*276.56**1~
DTM*472*20241216~
CLP*MMC2024000277*1*203.76*145.54*0*12*CLAIMREF001*11~
CAS*CO*45*58.22~
SVC*HC:99213*203.76*145.54**1~
DTM*472*20241202~
CLP*MMC2024000347*1*304.51*217.51*0*12*CLAIMREF001*11~
CAS*CO*45*87.00~
SVC*HC:99214*304.51*217.51**1~
DTM*472*20241219~
CLP*MMC2024000200*1*210.64*150.46*0*12*CLAIMREF001*11~
CAS*CO*45*60.18~
SVC*HC:99213*210.64*150.46**1~
DTM*472*20241222~
CLP*MMC2024000420*1*262.63*187.59*0*12*CLAIMREF001*11~
CAS*CO*45*75.04~
SVC*HC:99214*262.63*187.59**1~
DTM*472*20241221~
CLP*MMC2024000530*1*362.03*258.59*0*12*CLAIMREF001*11~
CAS*CO*45*103.44~
SVC*HC:99395*362.03*258.59**1~
DTM*472*20241205~
CLP*MMC2024001007*1*180.64*129.03*0*12*CLAIMREF001*11~
CAS*CO*45*51.61~
SVC*HC:99283*180.64*129.03**1~
DTM*472*20241221~
CLP*MMC2024000768*1*15.93*11.38*0*12*CLAIMREF001*11~
CAS*CO*45*4.55~
SVC*HC:85025*15.93*11.38**1~
DTM*472*20241223~
CLP*MMC2024000454*1*332.60*237.57*0*12*CLAIMREF001*11~
CAS*CO*45*95.03~
SVC*HC:99395*332.60*237.57**1~
DTM*472*20241215~
CLP*MMC2024000040*1*585.77*418.41*0*12*CLAIMREF001*11~
CAS*CO*45*167.36~
SVC*HC:93306*585.77*418.41**1~
DTM*472*20241209~
CLP*MMC2024000463*1*354.82*253.44*0*12*CLAIMREF001*11~
CAS*CO*45*101.38~
SVC*HC:99395*354.82*253.44**1~
DTM*472*20241219~
CLP*MMC2024000365*1*267.62*191.16*0*12*CLAIMREF001*11~
CAS*CO*45*76.46~
SVC*HC:99214*267.62*191.16**1~
DTM*472*20241217~
CLP*MMC2024000616*1*22.88*16.34*0*12*CLAIMREF001*11~
CAS*CO*45*6.54~
SVC*HC:80053*22.88*16.34**1~
DTM*472*20241227~
CLP*MMC2024000074*1*996.93*712.09*0*12*CLAIMREF001*11~
CAS*CO*45*284.84~
SVC*HC:93350*996.93*712.09**1~
DTM*472*20241225~
CLP*MMC2024000301*1*199.46*142.47*0*12*CLAIMREF001*11~
CAS*CO*45*56.99~
SVC*HC:99213*199.46*142.47**1~
DTM*472*20241207~
CLP*MMC2024000107*1*218.11*155.79*0*12*CLAIMREF001*11~
CAS*CO*45*62.32~
SVC*HC:99213*218.11*155.79**1~
DTM*472*20241203~
CLP*MMC2024000486*1*331.14*236.53*0*12*CLAIMREF001*11~
CAS*CO*45*94.61~
SVC*HC:99395*331.14*236.53**1~
DTM*472*20241207~
CLP*MMC2024000913*1*19.91*14.22*0*12*CLAIMREF001*11~
CAS*CO*45*5.69~
SVC*HC:36415*19.91*14.22**1~
DTM*472*20241213~
CLP*MMC2024000556*1*356.99*254.99*0*12*CLAIMREF001*11~
CAS*CO*45*102.00~
SVC*HC:99396*356.99*254.99**1~
DTM*472*20241205~
CLP*MMC2024000445*1*297.77*212.69*0*12*CLAIMREF001*11~
CAS*CO*45*85.08~
SVC*HC:99214*297.77*212.69**1~
DTM*472*20241219~
CLP*MMC2024000337*1*300.12*214.37*0*12*CLAIMREF001*11~
CAS*CO*45*85.75~
SVC*HC:99214*300.12*214.37**1~
DTM*472*20241220~
CLP*MMC2024000289*1*192.39*137.42*0*12*CLAIMREF001*11~
CAS*CO*45*54.97~
SVC*HC:99213*192.39*137.42**1~
DTM*472*20241221~
CLP*MMC2024000940*1*18.86*13.47*0*12*CLAIMREF001*11~
CAS*CO*45*5.39~
SVC*HC:36415*18.86*13.47**1~
DTM*472*20241213~
CLP*MMC2024000682*1*19.96*14.26*0*12*CLAIMREF001*11~
CAS*CO*45*5.70~
SVC*HC:80053*19.96*14.26**1~
DTM*472*20241209~
CLP*MMC2024001050*1*152.66*109.04*0*12*CLAIMREF001*11~
CAS*CO*45*43.62~
SVC*HC:99232*152.66*109.04**1~
DTM*472*20241211~
CLP*MMC2024000876*1*33.85*24.18*0*12*CLAIMREF001*11~
CAS*CO*45*9.67~
SVC*HC:93000*33.85*24.18**1~
DTM*472*20241217~
CLP*MMC2024000685*1*21.73*15.52*0*12*CLAIMREF001*11~
CAS*CO*45*6.21~
SVC*HC:80053*21.73*15.52**1~
DTM*472*20241220~
CLP*MMC2024000708*1*23.32*16.66*0*12*CLAIMREF001*11~
CAS*CO*45*6.66~
SVC*HC:80053*23.32*16.66**1~
DTM*472*20241225~
CLP*MMC2024000439*1*292.78*209.13*0*12*CLAIMREF001*11~
CAS*CO*45*83.65~
SVC*HC:99214*292.78*209.13**1~
DTM*472*20241216~
CLP*MMC2024000291*1*203.90*145.64*0*12*CLAIMREF001*11~
CAS*CO*45*58.26~
SVC*HC:99213*203.90*145.64**1~
DTM*472*20241221~
CLP*MMC2024000675*1*23.20*16.57*0*12*CLAIMREF001*11~
CAS*CO*45*6.63~
SVC*HC:80053*23.20*16.57**1~
DTM*472*20241201~
CLP*MMC2024000109*1*210.10*150.07*0*12*CLAIMREF001*11~
CAS*CO*45*60.03~
SVC*HC:99213*210.10*150.07**1~
DTM*472*20241207~
CLP*MMC2024000118*1*184.28*131.63*0*12*CLAIMREF001*11~
CAS*CO*45*52.65~
SVC*HC:99213*184.28*131.63**1~
DTM*472*20241221~
CLP*MMC2024000022*1*2565.54*1832.53*0*12*CLAIMREF001*11~
CAS*CO*45*733.01~
SVC*HC:73721*2565.54*1832.53**1~
DTM*472*20241204~
CLP*MMC2024001000*1*19.42*13.87*0*12*CLAIMREF001*11~
CAS*CO*45*5.55~
SVC*HC:36415*19.42*13.87**1~
DTM*472*20241218~
CLP*MMC2024000999*1*19.91*14.22*0*12*CLAIMREF001*11~
CAS*CO*45*5.69~
SVC*HC:36415*19.91*14.22**1~
DTM*472*20241212~
CLP*MMC2024000660*1*20.58*14.70*0*12*CLAIMREF001*11~
CAS*CO*45*5.88~
SVC*HC:80053*20.58*14.70**1~
DTM*472*20241222~
CLP*MMC2024000170*1*193.97*138.55*0*12*CLAIMREF001*11~
CAS*CO*45*55.42~
SVC*HC:99213*193.97*138.55**1~
DTM*472*20241215~
CLP*MMC2024000402*1*295.19*210.85*0*12*CLAIMREF001*11~
CAS*CO*45*84.34~
SVC*HC:99214*295.19*210.85**1~
DTM*472*20241209~
CLP*MMC2024000331*1*295.71*211.22*0*12*CLAIMREF001*11~
CAS*CO*45*84.49~
SVC*HC:99214*295.71*211.22**1~
DTM*472*20241202~
CLP*MMC2024000843*1*16.04*11.46*0*12*CLAIMREF001*11~
CAS*CO*45*4.58~
SVC*HC:85025*16.04*11.46**1~
DTM*472*20241208~
CLP*MMC2024000256*1*203.48*145.34*0*12*CLAIMREF001*11~
CAS*CO*45*58.14~
SVC*HC:99213*203.48*145.34**1~
DTM*472*20241226~
CLP*MMC2024000043*1*598.85*427.75*0*12*CLAIMREF001*11~
CAS*CO*45*171.10~
SVC*HC:93306*598.85*427.75**1~
DTM*472*20241227~
CLP*MMC2024000088*1*401.09*286.49*0*12*CLAIMREF001*11~
CAS*CO*45*114.60~
SVC*HC:20610*401.09*286.49**1~
DTM*472*20241227~
CLP*MMC2024000360*1*300.64*214.74*0*12*CLAIMREF001*11~
CAS*CO*45*85.90~
SVC*HC:99214*300.64*214.74**1~
DTM*472*20241227~
CLP*MMC2024000005*1*6110.61*4364.72*0*12*CLAIMREF001*11~
CAS*CO*45*1745.89~
SVC*HC:27447*6110.61*4364.72**1~
DTM*472*20241203~
CLP*MMC2024000864*1*41.41*29.58*0*12*CLAIMREF001*11~
CAS*CO*45*11.83~
SVC*HC:93000*41.41*29.58**1~
DTM*472*20241215~
CLP*MMC2024000029*1*2505.90*1789.93*0*12*CLAIMREF001*11~
CAS*CO*45*715.97~
SVC*HC:73721*2505.90*1789.93**1~
DTM*472*20241210~
CLP*MMC2024000244*1*199.15*142.25*0*12*CLAIMREF001*11~
CAS*CO*45*56.90~
SVC*HC:99213*199.15*142.25**1~
DTM*472*20241213~
CLP*MMC2024000495*1*352.76*251.97*0*12*CLAIMREF001*11~
CAS*CO*45*100.79~
SVC*HC:99395*352.76*251.97**1~
DTM*472*20241223~
CLP*MMC2024000951*1*20.50*14.64*0*12*CLAIMREF001*11~
CAS*CO*45*5.86~
SVC*HC:36415*20.50*14.64**1~
DTM*472*20241210~
CLP*MMC2024001023*1*146.45*104.61*0*12*CLAIMREF001*11~
CAS*CO*45*41.84~
SVC*HC:99283*146.45*104.61**1~
DTM*472*20241221~
CLP*MMC2024000702*1*20.15*14.39*0*12*CLAIMREF001*11~
CAS*CO*45*5.76~
SVC*HC:80053*20.15*14.39**1~
DTM*472*20241224~
CLP*MMC2024000048*1*612.29*437.35*0*12*CLAIMREF001*11~
CAS*CO*45*174.94~
SVC*HC:93306*612.29*437.35**1~
DTM*472*20241219~
CLP*MMC2024000680*1*20.01*14.29*0*12*CLAIMREF001*11~
CAS*CO*45*5.72~
SVC*HC:80053*20.01*14.29**1~
DTM*472*20241203~
CLP*MMC2024000865*1*35.97*25.69*0*12*CLAIMREF001*11~
CAS*CO*45*10.28~
SVC*HC:93000*35.97*25.69**1~
DTM*472*20241210~
CLP*MMC2024001022*1*164.12*117.23*0*12*CLAIMREF001*11~
CAS*CO*45*46.89~
SVC*HC:99283*164.12*117.23**1~
DTM*472*20241218~
CLP*MMC2024000440*1*273.27*195.19*0*12*CLAIMREF001*11~
CAS*CO*45*78.08~
SVC*HC:99214*273.27*195.19**1~
DTM*472*20241208~
CLP*MMC2024000335*1*260.97*186.41*0*12*CLAIMREF001*11~
CAS*CO*45*74.56~
SVC*HC:99214*260.97*186.41**1~
DTM*472*20241201~
CLP*MMC2024000042*1*599.06*427.90*0*12*CLAIMREF001*11~
CAS*CO*45*171.16~
SVC*HC:93306*599.06*427.90**1~
DTM*472*20241208~
CLP*MMC2024000773*1*15.67*11.19*0*12*CLAIMREF001*11~
CAS*CO*45*4.48~
SVC*HC:85025*15.67*11.19**1~
DTM*472*20241210~
CLP*MMC2024000591*1*343.66*245.47*0*12*CLAIMREF001*11~
CAS*CO*45*98.19~
SVC*HC:99396*343.66*245.47**1~
DTM*472*20241204~
CLP*MMC2024001011*1*171.23*122.31*0*12*CLAIMREF001*11~
CAS*CO*45*48.92~
SVC*HC:99283*171.23*122.31**1~
DTM*472*20241221~
CLP*MMC2024000753*1*14.50*10.36*0*12*CLAIMREF001*11~
CAS*CO*45*4.14~
SVC*HC:85025*14.50*10.36**1~
DTM*472*20241216~
CLP*MMC2024000671*1*20.85*14.89*0*12*CLAIMREF001*11~
CAS*CO*45*5.96~
SVC*HC:80053*20.85*14.89**1~
DTM*472*20241220~
CLP*MMC2024000694*1*21.50*15.36*0*12*CLAIMREF001*11~
CAS*CO*45*6.14~
SVC*HC:80053*21.50*15.36**1~
DTM*472*20241215~
CLP*MMC2024001071*1*162.65*116.18*0*12*CLAIMREF001*11~
CAS*CO*45*46.47~
SVC*HC:99232*162.65*116.18**1~
DTM*472*20241214~
CLP*MMC2024000568*1*366.60*261.86*0*12*CLAIMREF001*11~
CAS*CO*45*104.74~
SVC*HC:99396*366.60*261.86**1~
DTM*472*20241203~
CLP*MMC2024000622*1*20.85*14.89*0*12*CLAIMREF001*11~
CAS*CO*45*5.96~
SVC*HC:80053*20.85*14.89**1~
DTM*472*20241203~
CLP*MMC2024000756*1*16.95*12.11*0*12*CLAIMREF001*11~
CAS*CO*45*4.84~
SVC*HC:85025*16.95*12.11**1~
DTM*472*20241217~
CLP*MMC2024000509*1*356.38*254.56*0*12*CLAIMREF001*11~
CAS*CO*45*101.82~
SVC*HC:99395*356.38*254.56**1~
DTM*472*20241209~
CLP*MMC2024000586*1*369.99*264.28*0*12*CLAIMREF001*11~
CAS*CO*45*105.71~
SVC*HC:99396*369.99*264.28**1~
DTM*472*20241212~
CLP*MMC2024000204*1*213.47*152.48*0*12*CLAIMREF001*11~
CAS*CO*45*60.99~
SVC*HC:99213*213.47*152.48**1~
DTM*472*20241208~
CLP*MMC2024001080*1*161.88*115.63*0*12*CLAIMREF001*11~
CAS*CO*45*46.25~
SVC*HC:99232*161.88*115.63**1~
DTM*472*20241220~
CLP*MMC2024000696*1*20.13*14.38*0*12*CLAIMREF001*11~
CAS*CO*45*5.75~
SVC*HC:80053*20.13*14.38**1~
DTM*472*20241214~
CLP*MMC2024000182*1*217.83*155.59*0*12*CLAIMREF001*11~
CAS*CO*45*62.24~
SVC*HC:99213*217.83*155.59**1~
DTM*472*20241217~
CLP*MMC2024001029*1*149.55*106.82*0*12*CLAIMREF001*11~
CAS*CO*45*42.73~
SVC*HC:99283*149.55*106.82**1~
DTM*472*20241219~
CLP*MMC2024000130*1*217.11*155.08*0*12*CLAIMREF001*11~
CAS*CO*45*62.03~
SVC*HC:99213*217.11*155.08**1~
DTM*472*20241203~
CLP*MMC2024000270*1*211.25*150.89*0*12*CLAIMREF001*11~
CAS*CO*45*60.36~
SVC*HC:99213*211.25*150.89**1~
DTM*472*20241216~
CLP*MMC2024000318*1*281.90*201.36*0*12*CLAIMREF001*11~
CAS*CO*45*80.54~
SVC*HC:99214*281.90*201.36**1~
DTM*472*20241205~
CLP*MMC2024000099*1*387.04*276.46*0*12*CLAIMREF001*11~
CAS*CO*45*110.58~
SVC*HC:20610*387.04*276.46**1~
DTM*472*20241217~
CLP*MMC2024000124*1*187.89*134.21*0*12*CLAIMREF001*11~
CAS*CO*45*53.68~
SVC*HC:99213*187.89*134.21**1~
DTM*472*20241206~
CLP*MMC2024000521*1*356.69*254.78*0*12*CLAIMREF001*11~
CAS*CO*45*101.91~
SVC*HC:99395*356.69*254.78**1~
DTM*472*20241223~
CLP*MMC2024000269*1*206.18*147.27*0*12*CLAIMREF001*11~
CAS*CO*45*58.91~
SVC*HC:99213*206.18*147.27**1~
DTM*472*20241223~
CLP*MMC2024000520*1*333.49*238.21*0*12*CLAIMREF001*11~
CAS*CO*45*95.28~
SVC*HC:99395*333.49*238.21**1~
DTM*472*20241211~
CLP*MMC2024001014*1*157.64*112.60*0*12*CLAIMREF001*11~
CAS*CO*45*45.04~
SVC*HC:99283*157.64*112.60**1~
DTM*472*20241228~
CLP*MMC2024001048*1*167.13*119.38*0*12*CLAIMREF001*11~
CAS*CO*45*47.75~
SVC*HC:99232*167.13*119.38**1~
DTM*472*20241205~
CLP*MMC2024000897*1*39.49*28.21*0*12*CLAIMREF001*11~
CAS*CO*45*11.28~
SVC*HC:93000*39.49*28.21**1~
DTM*472*20241208~
CLP*MMC2024000782*1*14.43*10.31*0*12*CLAIMREF001*11~
CAS*CO*45*4.12~
SVC*HC:85025*14.43*10.31**1~
DTM*472*20241209~
CLP*MMC2024000413*1*283.05*202.18*0*12*CLAIMREF001*11~
CAS*CO*45*80.87~
SVC*HC:99214*283.05*202.18**1~
DTM*472*20241228~
CLP*MMC2024000221*1*218.30*155.93*0*12*CLAIMREF001*11~
CAS*CO*45*62.37~
SVC*HC:99213*218.30*155.93**1~
DTM*472*20241225~
CLP*MMC2024000637*1*24.86*17.76*0*12*CLAIMREF001*11~
CAS*CO*45*7.10~
SVC*HC:80053*24.86*17.76**1~
DTM*472*20241209~
CLP*MMC2024000979*1*18.27*13.05*0*12*CLAIMREF001*11~
CAS*CO*45*5.22~
SVC*HC:36415*18.27*13.05**1~
DTM*472*20241209~
CLP*MMC2024000912*1*19.64*14.03*0*12*CLAIMREF001*11~
CAS*CO*45*5.61~
SVC*HC:36415*19.64*14.03**1~
DTM*472*20241217~
CLP*MMC2024000258*1*212.91*152.08*0*12*CLAIMREF001*11~
CAS*CO*45*60.83~
SVC*HC:99213*212.91*152.08**1~
DTM*472*20241222~
CLP*MMC2024001016*1*158.38*113.13*0*12*CLAIMREF001*11~
CAS*CO*45*45.25~
SVC*HC:99283*158.38*113.13**1~
DTM*472*20241210~
CLP*MMC2024000638*1*19.78*14.13*0*12*CLAIMREF001*11~
CAS*CO*45*5.65~
SVC*HC:80053*19.78*14.13**1~
DTM*472*20241212~
CLP*MMC2024000895*1*41.33*29.52*0*12*CLAIMREF001*11~
CAS*CO*45*11.81~
SVC*HC:93000*41.33*29.52**1~
DTM*472*20241220~
CLP*MMC2024000862*1*39.58*28.27*0*12*CLAIMREF001*11~
CAS*CO*45*11.31~
SVC*HC:93000*39.58*28.27**1~
DTM*472*20241227~
CLP*MMC2024000370*1*288.04*205.74*0*12*CLAIMREF001*11~
CAS*CO*45*82.30~
SVC*HC:99214*288.04*205.74**1~
DTM*472*20241211~
CLP*MMC2024000272*1*209.55*149.68*0*12*CLAIMREF001*11~
CAS*CO*45*59.87~
SVC*HC:99213*209.55*149.68**1~
DTM*472*20241201~
CLP*MMC2024000498*1*313.22*223.73*0*12*CLAIMREF001*11~
CAS*CO*45*89.49~
SVC*HC:99395*313.22*223.73**1~
DTM*472*20241227~
CLP*MMC2024000519*1*350.71*250.51*0*12*CLAIMREF001*11~
CAS*CO*45*100.20~
SVC*HC:99395*350.71*250.51**1~
DTM*472*20241213~
CLP*MMC2024000746*1*16.04*11.46*0*12*CLAIMREF001*11~
CAS*CO*45*4.58~
SVC*HC:85025*16.04*11.46**1~
DTM*472*20241222~
CLP*MMC2024000673*1*24.70*17.64*0*12*CLAIMREF001*11~
CAS*CO*45*7.06~
SVC*HC:80053*24.70*17.64**1~
DTM*472*20241222~
CLP*MMC2024000273*1*219.49*156.78*0*12*CLAIMREF001*11~
CAS*CO*45*62.71~
SVC*HC:99213*219.49*156.78**1~
DTM*472*20241228~
CLP*MMC2024000830*1*16.94*12.10*0*12*CLAIMREF001*11~
CAS*CO*45*4.84~
SVC*HC:85025*16.94*12.10**1~
DTM*472*20241213~
CLP*MMC2024000009*1*2600.74*1857.67*0*12*CLAIMREF001*11~
CAS*CO*45*743.07~
SVC*HC:29881*2600.74*1857.67**1~
DTM*472*20241207~
CLP*MMC2024000250*1*199.05*142.18*0*12*CLAIMREF001*11~
CAS*CO*45*56.87~
SVC*HC:99213*199.05*142.18**1~
DTM*472*20241227~
CLP*MMC2024000878*1*31.82*22.73*0*12*CLAIMREF001*11~
CAS*CO*45*9.09~
SVC*HC:93000*31.82*22.73**1~
DTM*472*20241208~
CLP*MMC2024000248*1*210.45*150.32*0*12*CLAIMREF001*11~
CAS*CO*45*60.13~
SVC*HC:99213*210.45*150.32**1~
DTM*472*20241206~
CLP*MMC2024000734*1*15.55*11.11*0*12*CLAIMREF001*11~
CAS*CO*45*4.44~
SVC*HC:85025*15.55*11.11**1~
DTM*472*20241224~
CLP*MMC2024000758*1*17.39*12.42*0*12*CLAIMREF001*11~
CAS*CO*45*4.97~
SVC*HC:85025*17.39*12.42**1~
DTM*472*20241203~
CLP*MMC2024000479*1*350.59*250.42*0*12*CLAIMREF001*11~
CAS*CO*45*100.17~
SVC*HC:99395*350.59*250.42**1~
DTM*472*20241202~
CLP*MMC2024000342*1*296.58*211.84*0*12*CLAIMREF001*11~
CAS*CO*45*84.74~
SVC*HC:99214*296.58*211.84**1~
DTM*472*20241206~
CLP*MMC2024000780*1*18.02*12.87*0*12*CLAIMREF001*11~
CAS*CO*45*5.15~
SVC*HC:85025*18.02*12.87**1~
DTM*472*20241221~
CLP*MMC2024000317*1*294.49*210.35*0*12*CLAIMREF001*11~
CAS*CO*45*84.14~
SVC*HC:99214*294.49*210.35**1~
DTM*472*20241227~
CLP*MMC2024000031*1*2507.16*1790.83*0*12*CLAIMREF001*11~
CAS*CO*45*716.33~
SVC*HC:73721*2507.16*1790.83**1~
DTM*472*20241204~
CLP*MMC2024000192*1*221.69*158.35*0*12*CLAIMREF001*11~
CAS*CO*45*63.34~
SVC*HC:99213*221.69*158.35**1~
DTM*472*20241223~
CLP*MMC2024000234*1*211.76*151.26*0*12*CLAIMREF001*11~
CAS*CO*45*60.50~
SVC*HC:99213*211.76*151.26**1~
DTM*472*20241201~
CLP*MMC2024000259*1*185.56*132.54*0*12*CLAIMREF001*11~
CAS*CO*45*53.02~
SVC*HC:99213*185.56*132.54**1~
DTM*472*20241217~
CLP*MMC2024000723*1*24.25*17.32*0*12*CLAIMREF001*11~
CAS*CO*45*6.93~
SVC*HC:80053*24.25*17.32**1~
DTM*472*20241209~
CLP*MMC2024000875*1*31.74*22.67*0*12*CLAIMREF001*11~
CAS*CO*45*9.07~
SVC*HC:93000*31.74*22.67**1~
DTM*472*20241206~
CLP*MMC2024000155*1*183.67*131.19*0*12*CLAIMREF001*11~
CAS*CO*45*52.48~
SVC*HC:99213*183.67*131.19**1~
DTM*472*20241203~
CLP*MMC2024000070*1*7240.65*5171.89*0*12*CLAIMREF001*11~
CAS*CO*45*2068.76~
SVC*HC:22551*7240.65*5171.89**1~
DTM*472*20241204~
CLP*MMC2024000237*1*221.49*158.21*0*12*CLAIMREF001*11~
CAS*CO*45*63.28~
SVC*HC:99213*221.49*158.21**1~
DTM*472*20241224~
CLP*MMC2024000916*1*18.21*13.01*0*12*CLAIMREF001*11~
CAS*CO*45*5.20~
SVC*HC:36415*18.21*13.01**1~
DTM*472*20241201~
CLP*MMC2024000605*1*24.11*17.22*0*12*CLAIMREF001*11~
CAS*CO*45*6.89~
SVC*HC:80053*24.11*17.22**1~
DTM*472*20241215~
CLP*MMC2024001002*1*17.16*12.26*0*12*CLAIMREF001*11~
CAS*CO*45*4.90~
SVC*HC:36415*17.16*12.26**1~
DTM*472*20241213~
CLP*MMC2024000658*1*25.12*17.94*0*12*CLAIMREF001*11~
CAS*CO*45*7.18~
SVC*HC:80053*25.12*17.94**1~
DTM*472*20241205~
CLP*MMC2024000077*1*984.52*703.23*0*12*CLAIMREF001*11~
CAS*CO*45*281.29~
SVC*HC:93350*984.52*703.23**1~
DTM*472*20241217~
CLP*MMC2024000661*1*24.46*17.47*0*12*CLAIMREF001*11~
CAS*CO*45*6.99~
SVC*HC:80053*24.46*17.47**1~
DTM*472*20241205~
CLP*MMC2024000899*1*33.47*23.91*0*12*CLAIMREF001*11~
CAS*CO*45*9.56~
SVC*HC:93000*33.47*23.91**1~
DTM*472*20241221~
CLP*MMC2024000615*1*23.80*17.00*0*12*CLAIMREF001*11~
CAS*CO*45*6.80~
SVC*HC:80053*23.80*17.00**1~
DTM*472*20241209~
CLP*MMC2024000532*1*326.59*233.28*0*12*CLAIMREF001*11~
CAS*CO*45*93.31~
SVC*HC:99395*326.59*233.28**1~
DTM*472*20241204~
CLP*MMC2024000649*1*19.88*14.20*0*12*CLAIMREF001*11~
CAS*CO*45*5.68~
SVC*HC:80053*19.88*14.20**1~
DTM*472*20241211~
CLP*MMC2024000174*1*210.06*150.04*0*12*CLAIMREF001*11~
CAS*CO*45*60.02~
SVC*HC:99213*210.06*150.04**1~
DTM*472*20241218~
CLP*MMC2024000361*1*283.02*202.16*0*12*CLAIMREF001*11~
CAS*CO*45*80.86~
SVC*HC:99214*283.02*202.16**1~
DTM*472*20241214~
CLP*MMC2024000173*1*209.47*149.62*0*12*CLAIMREF001*11~
CAS*CO*45*59.85~
SVC*HC:99213*209.47*149.62**1~
DTM*472*20241201~
CLP*MMC2024000676*1*19.94*14.24*0*12*CLAIMREF001*11~
CAS*CO*45*5.70~
SVC*HC:80053*19.94*14.24**1~
DTM*472*20241216~
CLP*MMC2024000503*1*336.49*240.35*0*12*CLAIMREF001*11~
CAS*CO*45*96.14~
SVC*HC:99395*336.49*240.35**1~
DTM*472*20241209~
CLP*MMC2024000743*1*16.16*11.54*0*12*CLAIMREF001*11~
CAS*CO*45*4.62~
SVC*HC:85025*16.16*11.54**1~
DTM*472*20241212~
CLP*MMC2024000851*1*32.27*23.05*0*12*CLAIMREF001*11~
CAS*CO*45*9.22~
SVC*HC:93000*32.27*23.05**1~
DTM*472*20241213~
CLP*MMC2024001030*1*135.02*96.44*0*12*CLAIMREF001*11~
CAS*CO*45*38.58~
SVC*HC:99283*135.02*96.44**1~
DTM*472*20241228~
CLP*MMC2024000512*1*336.43*240.31*0*12*CLAIMREF001*11~
CAS*CO*45*96.12~
SVC*HC:99395*336.43*240.31**1~
DTM*472*20241227~
CLP*MMC2024000252*1*190.83*136.31*0*12*CLAIMREF001*11~
CAS*CO*45*54.52~
SVC*HC:99213*190.83*136.31**1~
DTM*472*20241226~
CLP*MMC2024001021*1*136.86*97.76*0*12*CLAIMREF001*11~
CAS*CO*45*39.10~
SVC*HC:99283*136.86*97.76**1~
DTM*472*20241207~
CLP*MMC2024001027*1*140.56*100.40*0*12*CLAIMREF001*11~
CAS*CO*45*40.16~
SVC*HC:99283*140.56*100.40**1~
DTM*472*20241222~
CLP*MMC2024000816*1*14.67*10.48*0*12*CLAIMREF001*11~
CAS*CO*45*4.19~
SVC*HC:85025*14.67*10.48**1~
DTM*472*20241212~
CLP*MMC2024000201*1*186.31*133.08*0*12*CLAIMREF001*11~
CAS*CO*45*53.23~
SVC*HC:99213*186.31*133.08**1~
DTM*472*20241225~
CLP*MMC2024000783*1*14.83*10.59*0*12*CLAIMREF001*11~
CAS*CO*45*4.24~
SVC*HC:85025*14.83*10.59**1~
DTM*472*20241220~
CLP*MMC2024000917*1*18.80*13.43*0*12*CLAIMREF001*11~
CAS*CO*45*5.37~
SVC*HC:36415*18.80*13.43**1~
DTM*472*20241203~
CLP*MMC2024000887*1*39.66*28.33*0*12*CLAIMREF001*11~
CAS*CO*45*11.33~
SVC*HC:93000*39.66*28.33**1~
DTM*472*20241205~
CLP*MMC2024001010*1*139.29*99.49*0*12*CLAIMREF001*11~
CAS*CO*45*39.80~
SVC*HC:99283*139.29*99.49**1~
DTM*472*20241227~
CLP*MMC2024000906*1*19.21*13.72*0*12*CLAIMREF001*11~
CAS*CO*45*5.49~
SVC*HC:36415*19.21*13.72**1~
DTM*472*20241220~
CLP*MMC2024000960*1*20.55*14.68*0*12*CLAIMREF001*11~
CAS*CO*45*5.87~
SVC*HC:36415*20.55*14.68**1~
DTM*472*20241213~
CLP*MMC2024000636*1*22.34*15.96*0*12*CLAIMREF001*11~
CAS*CO*45*6.38~
SVC*HC:80053*22.34*15.96**1~
DTM*472*20241214~
CLP*MMC2024000720*1*24.18*17.27*0*12*CLAIMREF001*11~
CAS*CO*45*6.91~
SVC*HC:80053*24.18*17.27**1~
DTM*472*20241220~
CLP*MMC2024000635*1*23.27*16.62*0*12*CLAIMREF001*11~
CAS*CO*45*6.65~
SVC*HC:80053*23.27*16.62**1~
DTM*472*20241227~
CLP*MMC2024000321*1*288.01*205.72*0*12*CLAIMREF001*11~
CAS*CO*45*82.29~
SVC*HC:99214*288.01*205.72**1~
DTM*472*20241222~
CLP*MMC2024000983*1*17.92*12.80*0*12*CLAIMREF001*11~
CAS*CO*45*5.12~
SVC*HC:36415*17.92*12.80**1~
DTM*472*20241205~
CLP*MMC2024000814*1*15.83*11.31*0*12*CLAIMREF001*11~
CAS*CO*45*4.52~
SVC*HC:85025*15.83*11.31**1~
DTM*472*20241215~
CLP*MMC2024000328*1*272.64*194.74*0*12*CLAIMREF001*11~
CAS*CO*45*77.90~
SVC*HC:99214*272.64*194.74**1~
DTM*472*20241227~
CLP*MMC2024000481*1*322.14*230.10*0*12*CLAIMREF001*11~
CAS*CO*45*92.04~
SVC*HC:99395*322.14*230.10**1~
DTM*472*20241204~
CLP*MMC2024000101*1*381.21*272.29*0*12*CLAIMREF001*11~
CAS*CO*45*108.92~
SVC*HC:20610*381.21*272.29**1~
DTM*472*20241211~
CLP*MMC2024000914*1*21.69*15.49*0*12*CLAIMREF001*11~
CAS*CO*45*6.20~
SVC*HC:36415*21.69*15.49**1~
DTM*472*20241202~
CLP*MMC2024000510*1*351.27*250.91*0*12*CLAIMREF001*11~
CAS*CO*45*100.36~
SVC*HC:99395*351.27*250.91**1~
DTM*472*20241228~
CLP*MMC2024000850*1*40.61*29.01*0*12*CLAIMREF001*11~
CAS*CO*45*11.60~
SVC*HC:93000*40.61*29.01**1~
DTM*472*20241220~
CLP*MMC2024000808*1*16.10*11.50*0*12*CLAIMREF001*11~
CAS*CO*45*4.60~
SVC*HC:85025*16.10*11.50**1~
DTM*472*20241202~
CLP*MMC2024000845*1*31.67*22.62*0*12*CLAIMREF001*11~
CAS*CO*45*9.05~
SVC*HC:93000*31.67*22.62**1~
DTM*472*20241228~
CLP*MMC2024000728*1*14.60*10.43*0*12*CLAIMREF001*11~
CAS*CO*45*4.17~
SVC*HC:85025*14.60*10.43**1~
DTM*472*20241222~
CLP*MMC2024000368*1*296.95*212.11*0*12*CLAIMREF001*11~
CAS*CO*45*84.84~
SVC*HC:99214*296.95*212.11**1~
DTM*472*20241215~
CLP*MMC2024000547*1*349.15*249.39*0*12*CLAIMREF001*11~
CAS*CO*45*99.76~
SVC*HC:99396*349.15*249.39**1~
DTM*472*20241222~
CLP*MMC2024000478*1*360.93*257.81*0*12*CLAIMREF001*11~
CAS*CO*45*103.12~
SVC*HC:99395*360.93*257.81**1~
DTM*472*20241227~
CLP*MMC2024000390*1*278.81*199.15*0*12*CLAIMREF001*11~
CAS*CO*45*79.66~
SVC*HC:99214*278.81*199.15**1~
DTM*472*20241208~
CLP*MMC2024000290*1*193.65*138.32*0*12*CLAIMREF001*11~
CAS*CO*45*55.33~
SVC*HC:99213*193.65*138.32**1~
DTM*472*20241225~
CLP*MMC2024000330*1*263.02*187.87*0*12*CLAIMREF001*11~
CAS*CO*45*75.15~
SVC*HC:99214*263.02*187.87**1~
DTM*472*20241201~
CLP*MMC2024000566*1*386.34*275.96*0*12*CLAIMREF001*11~
CAS*CO*45*110.38~
SVC*HC:99396*386.34*275.96**1~
DTM*472*20241215~
CLP*MMC2024000934*1*19.84*14.17*0*12*CLAIMREF001*11~
CAS*CO*45*5.67~
SVC*HC:36415*19.84*14.17**1~
DTM*472*20241209~
CLP*MMC2024000882*1*34.99*24.99*0*12*CLAIMREF001*11~
CAS*CO*45*10.00~
SVC*HC:93000*34.99*24.99**1~
DTM*472*20241213~
CLP*MMC2024000210*1*210.14*150.10*0*12*CLAIMREF001*11~
CAS*CO*45*60.04~
SVC*HC:99213*210.14*150.10**1~
DTM*472*20241224~
CLP*MMC2024000599*1*380.04*271.46*0*12*CLAIMREF001*11~
CAS*CO*45*108.58~
SVC*HC:99396*380.04*271.46**1~
DTM*472*20241212~
CLP*MMC2024000581*1*374.40*267.43*0*12*CLAIMREF001*11~
CAS*CO*45*106.97~
SVC*HC:99396*374.40*267.43**1~
DTM*472*20241224~
CLP*MMC2024000962*1*21.00*15.00*0*12*CLAIMREF001*11~
CAS*CO*45*6.00~
SVC*HC:36415*21.00*15.00**1~
DTM*472*20241206~
CLP*MMC2024000195*1*206.47*147.48*0*12*CLAIMREF001*11~
CAS*CO*45*58.99~
SVC*HC:99213*206.47*147.48**1~
DTM*472*20241205~
CLP*MMC2024000217*1*194.82*139.16*0*12*CLAIMREF001*11~
CAS*CO*45*55.66~
SVC*HC:99213*194.82*139.16**1~
DTM*472*20241226~
CLP*MMC2024000016*1*2669.35*1906.68*0*12*CLAIMREF001*11~
CAS*CO*45*762.67~
SVC*HC:29881*2669.35*1906.68**1~
DTM*472*20241207~
CLP*MMC2024001031*1*134.39*95.99*0*12*CLAIMREF001*11~
CAS*CO*45*38.40~
SVC*HC:99283*134.39*95.99**1~
DTM*472*20241202~
CLP*MMC2024000341*1*281.79*201.28*0*12*CLAIMREF001*11~
CAS*CO*45*80.51~
SVC*HC:99214*281.79*201.28**1~
DTM*472*20241209~
CLP*MMC2024000214*1*183.62*131.16*0*12*CLAIMREF001*11~
CAS*CO*45*52.46~
SVC*HC:99213*183.62*131.16**1~
DTM*472*20241216~
CLP*MMC2024000948*1*22.37*15.98*0*12*CLAIMREF001*11~
CAS*CO*45*6.39~
SVC*HC:36415*22.37*15.98**1~
DTM*472*20241206~
CLP*MMC2024000651*1*24.01*17.15*0*12*CLAIMREF001*11~
CAS*CO*45*6.86~
SVC*HC:80053*24.01*17.15**1~
DTM*472*20241207~
CLP*MMC2024000731*1*14.39*10.28*0*12*CLAIMREF001*11~
CAS*CO*45*4.11~
SVC*HC:85025*14.39*10.28**1~
DTM*472*20241217~
CLP*MMC2024000193*1*219.97*157.12*0*12*CLAIMREF001*11~
CAS*CO*45*62.85~
SVC*HC:99213*219.97*157.12**1~
DTM*472*20241218~
CLP*MMC2024000764*1*16.98*12.13*0*12*CLAIMREF001*11~
CAS*CO*45*4.85~
SVC*HC:85025*16.98*12.13**1~
DTM*472*20241214~
CLP*MMC2024000041*1*616.78*440.56*0*12*CLAIMREF001*11~
CAS*CO*45*176.22~
SVC*HC:93306*616.78*440.56**1~
DTM*472*20241221~
CLP*MMC2024000701*1*20.08*14.34*0*12*CLAIMREF001*11~
CAS*CO*45*5.74~
SVC*HC:80053*20.08*14.34**1~
DTM*472*20241214~
CLP*MMC2024000275*1*214.69*153.35*0*12*CLAIMREF001*11~
CAS*CO*45*61.34~
SVC*HC:99213*214.69*153.35**1~
DTM*472*20241208~
CLP*MMC2024000053*1*566.80*404.86*0*12*CLAIMREF001*11~
CAS*CO*45*161.94~
SVC*HC:93306*566.80*404.86**1~
DTM*472*20241224~
CLP*MMC2024000196*1*200.05*142.89*0*12*CLAIMREF001*11~
CAS*CO*45*57.16~
SVC*HC:99213*200.05*142.89**1~
DTM*472*20241202~
CLP*MMC2024000549*1*377.82*269.87*0*12*CLAIMREF001*11~
CAS*CO*45*107.95~
SVC*HC:99396*377.82*269.87**1~
DTM*472*20241214~
CLP*MMC2024000095*1*408.81*292.01*0*12*CLAIMREF001*11~
CAS*CO*45*116.80~
SVC*HC:20610*408.81*292.01**1~
DTM*472*20241225~
CLP*MMC2024000380*1*272.71*194.79*0*12*CLAIMREF001*11~
CAS*CO*45*77.92~
SVC*HC:99214*272.71*194.79**1~
DTM*472*20241220~
CLP*MMC2024000461*1*322.01*230.01*0*12*CLAIMREF001*11~
CAS*CO*45*92.00~
SVC*HC:99395*322.01*230.01**1~
DTM*472*20241203~
CLP*MMC2024000955*1*17.04*12.17*0*12*CLAIMREF001*11~
CAS*CO*45*4.87~
SVC*HC:36415*17.04*12.17**1~
DTM*472*20241228~
CLP*MMC2024000856*1*35.41*25.29*0*12*CLAIMREF001*11~
CAS*CO*45*10.12~
SVC*HC:93000*35.41*25.29**1~
DTM*472*20241222~
CLP*MMC2024000209*1*221.09*157.92*0*12*CLAIMREF001*11~
CAS*CO*45*63.17~
SVC*HC:99213*221.09*157.92**1~
DTM*472*20241226~
CLP*MMC2024000262*1*221.98*158.56*0*12*CLAIMREF001*11~
CAS*CO*45*63.42~
SVC*HC:99213*221.98*158.56**1~
DTM*472*20241208~
CLP*MMC2024000933*1*19.03*13.59*0*12*CLAIMREF001*11~
CAS*CO*45*5.44~
SVC*HC:36415*19.03*13.59**1~
DTM*472*20241227~
CLP*MMC2024000398*1*294.34*210.24*0*12*CLAIMREF001*11~
CAS*CO*45*84.10~
SVC*HC:99214*294.34*210.24**1~
DTM*472*20241211~
CLP*MMC2024000863*1*32.97*23.55*0*12*CLAIMREF001*11~
CAS*CO*45*9.42~
SVC*HC:93000*32.97*23.55**1~
DTM*472*20241222~
CLP*MMC2024000543*1*357.28*255.20*0*12*CLAIMREF001*11~
CAS*CO*45*102.08~
SVC*HC:99396*357.28*255.20**1~
DTM*472*20241211~
CLP*MMC2024000937*1*21.63*15.45*0*12*CLAIMREF001*11~
CAS*CO*45*6.18~
SVC*HC:36415*21.63*15.45**1~
DTM*472*20241202~
CLP*MMC2024000620*1*24.56*17.54*0*12*CLAIMREF001*11~
CAS*CO*45*7.02~
SVC*HC:80053*24.56*17.54**1~
DTM*472*20241218~
CLP*MMC2024000423*1*305.51*218.22*0*12*CLAIMREF001*11~
CAS*CO*45*87.29~
SVC*HC:99214*305.51*218.22**1~
DTM*472*20241203~
CLP*MMC2024000942*1*18.70*13.36*0*12*CLAIMREF001*11~
CAS*CO*45*5.34~
SVC*HC:36415*18.70*13.36**1~
DTM*472*20241206~
CLP*MMC2024000956*1*21.91*15.65*0*12*CLAIMREF001*11~
CAS*CO*45*6.26~
SVC*HC:36415*21.91*15.65**1~
DTM*472*20241220~
CLP*MMC2024001072*1*137.69*98.35*0*12*CLAIMREF001*11~
CAS*CO*45*39.34~
SVC*HC:99232*137.69*98.35**1~
DTM*472*20241209~
CLP*MMC2024000148*1*204.30*145.93*0*12*CLAIMREF001*11~
CAS*CO*45*58.37~
SVC*HC:99213*204.30*145.93**1~
DTM*472*20241202~
CLP*MMC2024000617*1*23.17*16.55*0*12*CLAIMREF001*11~
CAS*CO*45*6.62~
SVC*HC:80053*23.17*16.55**1~
DTM*472*20241212~
CLP*MMC2024000991*1*21.80*15.57*0*12*CLAIMREF001*11~
CAS*CO*45*6.23~
SVC*HC:36415*21.80*15.57**1~
DTM*472*20241228~
CLP*MMC2024000666*1*23.76*16.97*0*12*CLAIMREF001*11~
CAS*CO*45*6.79~
SVC*HC:80053*23.76*16.97**1~
DTM*472*20241217~
CLP*MMC2024000485*1*356.68*254.77*0*12*CLAIMREF001*11~
CAS*CO*45*101.91~
SVC*HC:99395*356.68*254.77**1~
DTM*472*20241215~
CLP*MMC2024000842*1*15.44*11.03*0*12*CLAIMREF001*11~
CAS*CO*45*4.41~
SVC*HC:85025*15.44*11.03**1~
DTM*472*20241225~
CLP*MMC2024000189*1*213.14*152.24*0*12*CLAIMREF001*11~
CAS*CO*45*60.90~
SVC*HC:99213*213.14*152.24**1~
DTM*472*20241218~
CLP*MMC2024001018*1*178.81*127.72*0*12*CLAIMREF001*11~
CAS*CO*45*51.09~
SVC*HC:99283*178.81*127.72**1~
DTM*472*20241208~
CLP*MMC2024000634*1*23.67*16.91*0*12*CLAIMREF001*11~
CAS*CO*45*6.76~
SVC*HC:80053*23.67*16.91**1~
DTM*472*20241214~
CLP*MMC2024000153*1*187.04*133.60*0*12*CLAIMREF001*11~
CAS*CO*45*53.44~
SVC*HC:99213*187.04*133.60**1~
DTM*472*20241219~
CLP*MMC2024000881*1*31.40*22.43*0*12*CLAIMREF001*11~
CAS*CO*45*8.97~
SVC*HC:93000*31.40*22.43**1~
DTM*472*20241217~
CLP*MMC2024000427*1*289.30*206.64*0*12*CLAIMREF001*11~
CAS*CO*45*82.66~
SVC*HC:99214*289.30*206.64**1~
DTM*472*20241225~
CLP*MMC2024000644*1*21.14*15.10*0*12*CLAIMREF001*11~
CAS*CO*45*6.04~
SVC*HC:80053*21.14*15.10**1~
DTM*472*20241204~
CLP*MMC2024000538*1*362.29*258.78*0*12*CLAIMREF001*11~
CAS*CO*45*103.51~
SVC*HC:99396*362.29*258.78**1~
DTM*472*20241209~
CLP*MMC2024001036*1*134.48*96.06*0*12*CLAIMREF001*11~
CAS*CO*45*38.42~
SVC*HC:99283*134.48*96.06**1~
DTM*472*20241221~
CLP*MMC2024000718*1*20.86*14.90*0*12*CLAIMREF001*11~
CAS*CO*45*5.96~
SVC*HC:80053*20.86*14.90**1~
DTM*472*20241214~
CLP*MMC2024000049*1*610.13*435.81*0*12*CLAIMREF001*11~
CAS*CO*45*174.32~
SVC*HC:93306*610.13*435.81**1~
DTM*472*20241211~
CLP*MMC2024000880*1*41.22*29.44*0*12*CLAIMREF001*11~
CAS*CO*45*11.78~
SVC*HC:93000*41.22*29.44**1~
DTM*472*20241214~
CLP*MMC2024000570*1*391.31*279.51*0*12*CLAIMREF001*11~
CAS*CO*45*111.80~
SVC*HC:99396*391.31*279.51**1~
DTM*472*20241210~
CLP*MMC2024000835*1*14.53*10.38*0*12*CLAIMREF001*11~
CAS*CO*45*4.15~
SVC*HC:85025*14.53*10.38**1~
DTM*472*20241223~
CLP*MMC2024000964*1*21.55*15.39*0*12*CLAIMREF001*11~
CAS*CO*45*6.16~
SVC*HC:36415*21.55*15.39**1~
DTM*472*20241222~
CLP*MMC2024000606*1*24.99*17.85*0*12*CLAIMREF001*11~
CAS*CO*45*7.14~
SVC*HC:80053*24.99*17.85**1~
DTM*472*20241205~
CLP*MMC2024000571*1*371.78*265.56*0*12*CLAIMREF001*11~
CAS*CO*45*106.22~
SVC*HC:99396*371.78*265.56**1~
DTM*472*20241214~
CLP*MMC2024000063*1*429.00*306.43*0*12*CLAIMREF001*11~
CAS*CO*45*122.57~
SVC*HC:75571*429.00*306.43**1~
DTM*472*20241220~
CLP*MMC2024000282*1*207.00*147.86*0*12*CLAIMREF001*11~
CAS*CO*45*59.14~
SVC*HC:99213*207.00*147.86**1~
DTM*472*20241225~
CLP*MMC2024000308*1*273.63*195.45*0*12*CLAIMREF001*11~
CAS*CO*45*78.18~
SVC*HC:99214*273.63*195.45**1~
DTM*472*20241213~
CLP*MMC2024000923*1*18.69*13.35*0*12*CLAIMREF001*11~
CAS*CO*45*5.34~
SVC*HC:36415*18.69*13.35**1~
DTM*472*20241221~
CLP*MMC2024000787*1*16.07*11.48*0*12*CLAIMREF001*11~
CAS*CO*45*4.59~
SVC*HC:85025*16.07*11.48**1~
DTM*472*20241225~
CLP*MMC2024000534*1*341.59*243.99*0*12*CLAIMREF001*11~
CAS*CO*45*97.60~
SVC*HC:99396*341.59*243.99**1~
DTM*472*20241215~
CLP*MMC2024000147*1*202.02*144.30*0*12*CLAIMREF001*11~
CAS*CO*45*57.72~
SVC*HC:99213*202.02*144.30**1~
DTM*472*20241228~
CLP*MMC2024000975*1*18.20*13.00*0*12*CLAIMREF001*11~
CAS*CO*45*5.20~
SVC*HC:36415*18.20*13.00**1~
DTM*472*20241204~
CLP*MMC2024000243*1*203.29*145.21*0*12*CLAIMREF001*11~
CAS*CO*45*58.08~
SVC*HC:99213*203.29*145.21**1~
DTM*472*20241222~
CLP*MMC2024000910*1*22.26*15.90*0*12*CLAIMREF001*11~
CAS*CO*45*6.36~
SVC*HC:36415*22.26*15.90**1~
DTM*472*20241203~
CLP*MMC2024001003*1*22.40*16.00*0*12*CLAIMREF001*11~
CAS*CO*45*6.40~
SVC*HC:36415*22.40*16.00**1~
DTM*472*20241224~
CLP*MMC2024000592*1*386.60*276.14*0*12*CLAIMREF001*11~
CAS*CO*45*110.46~
SVC*HC:99396*386.60*276.14**1~
DTM*472*20241221~
CLP*MMC2024000327*1*275.53*196.81*0*12*CLAIMREF001*11~
CAS*CO*45*78.72~
SVC*HC:99214*275.53*196.81**1~
DTM*472*20241213~
CLP*MMC2024000590*1*372.92*266.37*0*12*CLAIMREF001*11~
CAS*CO*45*106.55~
SVC*HC:99396*372.92*266.37**1~
DTM*472*20241227~
CLP*MMC2024001070*1*143.00*102.14*0*12*CLAIMREF001*11~
CAS*CO*45*40.86~
SVC*HC:99232*143.00*102.14**1~
DTM*472*20241201~
CLP*MMC2024000877*1*32.45*23.18*0*12*CLAIMREF001*11~
CAS*CO*45*9.27~
SVC*HC:93000*32.45*23.18**1~
DTM*472*20241214~
CLP*MMC2024000516*1*335.43*239.59*0*12*CLAIMREF001*11~
CAS*CO*45*95.84~
SVC*HC:99395*335.43*239.59**1~
DTM*472*20241205~
CLP*MMC2024000827*1*14.34*10.24*0*12*CLAIMREF001*11~
CAS*CO*45*4.10~
SVC*HC:85025*14.34*10.24**1~
DTM*472*20241222~
CLP*MMC2024000058*1*434.42*310.30*0*12*CLAIMREF001*11~
CAS*CO*45*124.12~
SVC*HC:75571*434.42*310.30**1~
DTM*472*20241203~
CLP*MMC2024000223*1*203.39*145.28*0*12*CLAIMREF001*11~
CAS*CO*45*58.11~
SVC*HC:99213*203.39*145.28**1~
DTM*472*20241222~
CLP*MMC2024000747*1*15.30*10.93*0*12*CLAIMREF001*11~
CAS*CO*45*4.37~
SVC*HC:85025*15.30*10.93**1~
DTM*472*20241208~
CLP*MMC2024000240*1*220.67*157.62*0*12*CLAIMREF001*11~
CAS*CO*45*63.05~
SVC*HC:99213*220.67*157.62**1~
DTM*472*20241220~
CLP*MMC2024000450*1*265.97*189.98*0*12*CLAIMREF001*11~
CAS*CO*45*75.99~
SVC*HC:99214*265.97*189.98**1~
DTM*472*20241202~
CLP*MMC2024000412*1*290.26*207.33*0*12*CLAIMREF001*11~
CAS*CO*45*82.93~
SVC*HC:99214*290.26*207.33**1~
DTM*472*20241225~
CLP*MMC2024000046*1*605.93*432.81*0*12*CLAIMREF001*11~
CAS*CO*45*173.12~
SVC*HC:93306*605.93*432.81**1~
DTM*472*20241213~
CLP*MMC2024000251*1*182.01*130.01*0*12*CLAIMREF001*11~
CAS*CO*45*52.00~
SVC*HC:99213*182.01*130.01**1~
DTM*472*20241210~
CLP*MMC2024000050*1*571.10*407.93*0*12*CLAIMREF001*11~
CAS*CO*45*163.17~
SVC*HC:93306*571.10*407.93**1~
DTM*472*20241216~
CLP*MMC2024001061*1*167.86*119.90*0*12*CLAIMREF001*11~
CAS*CO*45*47.96~
SVC*HC:99232*167.86*119.90**1~
DTM*472*20241215~
CLP*MMC2024000781*1*17.43*12.45*0*12*CLAIMREF001*11~
CAS*CO*45*4.98~
SVC*HC:85025*17.43*12.45**1~
DTM*472*20241208~
CLP*MMC2024001054*1*143.16*102.26*0*12*CLAIMREF001*11~
CAS*CO*45*40.90~
SVC*HC:99232*143.16*102.26**1~
DTM*472*20241213~
CLP*MMC2024000609*1*23.38*16.70*0*12*CLAIMREF001*11~
CAS*CO*45*6.68~
SVC*HC:80053*23.38*16.70**1~
DTM*472*20241213~
CLP*MMC2024000104*1*182.31*130.22*0*12*CLAIMREF001*11~
CAS*CO*45*52.09~
SVC*HC:99213*182.31*130.22**1~
DTM*472*20241223~
CLP*MMC2024000069*1*444.89*317.78*0*12*CLAIMREF001*11~
CAS*CO*45*127.11~
SVC*HC:75571*444.89*317.78**1~
DTM*472*20241225~
CLP*MMC2024000212*1*188.69*134.78*0*12*CLAIMREF001*11~
CAS*CO*45*53.91~
SVC*HC:99213*188.69*134.78**1~
DTM*472*20241223~
CLP*MMC2024000247*1*209.93*149.95*0*12*CLAIMREF001*11~
CAS*CO*45*59.98~
SVC*HC:99213*209.93*149.95**1~
DTM*472*20241213~
CLP*MMC2024000017*1*2854.82*2039.16*0*12*CLAIMREF001*11~
CAS*CO*45*815.66~
SVC*HC:29881*2854.82*2039.16**1~
DTM*472*20241211~
CLP*MMC2024000898*1*34.17*24.41*0*12*CLAIMREF001*11~
CAS*CO*45*9.76~
SVC*HC:93000*34.17*24.41**1~
DTM*472*20241202~
CLP*MMC2024000430*1*301.15*215.11*0*12*CLAIMREF001*11~
CAS*CO*45*86.04~
SVC*HC:99214*301.15*215.11**1~
DTM*472*20241214~
CLP*MMC2024000712*1*20.17*14.41*0*12*CLAIMREF001*11~
CAS*CO*45*5.76~
SVC*HC:80053*20.17*14.41**1~
DTM*472*20241217~
CLP*MMC2024000883*1*41.94*29.96*0*12*CLAIMREF001*11~
CAS*CO*45*11.98~
SVC*HC:93000*41.94*29.96**1~
DTM*472*20241212~
CLP*MMC2024000194*1*183.51*131.08*0*12*CLAIMREF001*11~
CAS*CO*45*52.43~
SVC*HC:99213*183.51*131.08**1~
DTM*472*20241212~
CLP*MMC2024001077*1*152.36*108.83*0*12*CLAIMREF001*11~
CAS*CO*45*43.53~
SVC*HC:99232*152.36*108.83**1~
DTM*472*20241203~
CLP*MMC2024000159*1*210.13*150.09*0*12*CLAIMREF001*11~
CAS*CO*45*60.04~
SVC*HC:99213*210.13*150.09**1~
DTM*472*20241211~
CLP*MMC2024000954*1*19.29*13.78*0*12*CLAIMREF001*11~
CAS*CO*45*5.51~
SVC*HC:36415*19.29*13.78**1~
DTM*472*20241215~
CLP*MMC2024000472*1*335.54*239.67*0*12*CLAIMREF001*11~
CAS*CO*45*95.87~
SVC*HC:99395*335.54*239.67**1~
DTM*472*20241203~
CLP*MMC2024000771*1*15.02*10.73*0*12*CLAIMREF001*11~
CAS*CO*45*4.29~
SVC*HC:85025*15.02*10.73**1~
DTM*472*20241219~
CLP*MMC2024000236*1*204.61*146.15*0*12*CLAIMREF001*11~
CAS*CO*45*58.46~
SVC*HC:99213*204.61*146.15**1~
DTM*472*20241224~
CLP*MMC2024000967*1*21.15*15.11*0*12*CLAIMREF001*11~
CAS*CO*45*6.04~
SVC*HC:36415*21.15*15.11**1~
DTM*472*20241212~
CLP*MMC2024000545*1*363.33*259.52*0*12*CLAIMREF001*11~
CAS*CO*45*103.81~
SVC*HC:99396*363.33*259.52**1~
DTM*472*20241218~
CLP*MMC2024000435*1*271.96*194.26*0*12*CLAIMREF001*11~
CAS*CO*45*77.70~
SVC*HC:99214*271.96*194.26**1~
DTM*472*20241203~
CLP*MMC2024000558*1*367.70*262.64*0*12*CLAIMREF001*11~
CAS*CO*45*105.06~
SVC*HC:99396*367.70*262.64**1~
DTM*472*20241226~
CLP*MMC2024000475*1*313.85*224.18*0*12*CLAIMREF001*11~
CAS*CO*45*89.67~
SVC*HC:99395*313.85*224.18**1~
DTM*472*20241206~
CLP*MMC2024000874*1*40.33*28.81*0*12*CLAIMREF001*11~
CAS*CO*45*11.52~
SVC*HC:93000*40.33*28.81**1~
DTM*472*20241210~
CLP*MMC2024000024*1*2467.50*1762.50*0*12*CLAIMREF001*11~
CAS*CO*45*705.00~
SVC*HC:73721*2467.50*1762.50**1~
DTM*472*20241210~
CLP*MMC2024000724*1*14.13*10.09*0*12*CLAIMREF001*11~
CAS*CO*45*4.04~
SVC*HC:85025*14.13*10.09**1~
DTM*472*20241209~
CLP*MMC2024000229*1*200.26*143.04*0*12*CLAIMREF001*11~
CAS*CO*45*57.22~
SVC*HC:99213*200.26*143.04**1~
DTM*472*20241224~
CLP*MMC2024000131*1*220.91*157.79*0*12*CLAIMREF001*11~
CAS*CO*45*63.12~
SVC*HC:99213*220.91*157.79**1~
DTM*472*20241228~
CLP*MMC2024000542*1*373.76*266.97*0*12*CLAIMREF001*11~
CAS*CO*45*106.79~
SVC*HC:99396*373.76*266.97**1~
DTM*472*20241218~
CLP*MMC2024000403*1*294.50*210.36*0*12*CLAIMREF001*11~
CAS*CO*45*84.14~
SVC*HC:99214*294.50*210.36**1~
DTM*472*20241225~
CLP*MMC2024000774*1*17.14*12.24*0*12*CLAIMREF001*11~
CAS*CO*45*4.90~
SVC*HC:85025*17.14*12.24**1~
DTM*472*20241208~
CLP*MMC2024000183*1*202.52*144.66*0*12*CLAIMREF001*11~
CAS*CO*45*57.86~
SVC*HC:99213*202.52*144.66**1~
DTM*472*20241228~
CLP*MMC2024000803*1*16.44*11.74*0*12*CLAIMREF001*11~
CAS*CO*45*4.70~
SVC*HC:85025*16.44*11.74**1~
DTM*472*20241226~
CLP*MMC2024000357*1*285.11*203.65*0*12*CLAIMREF001*11~
CAS*CO*45*81.46~
SVC*HC:99214*285.11*203.65**1~
DTM*472*20241222~
CLP*MMC2024000809*1*15.89*11.35*0*12*CLAIMREF001*11~
CAS*CO*45*4.54~
SVC*HC:85025*15.89*11.35**1~
DTM*472*20241226~
CLP*MMC2024000785*1*16.76*11.97*0*12*CLAIMREF001*11~
CAS*CO*45*4.79~
SVC*HC:85025*16.76*11.97**1~
DTM*472*20241206~
CLP*MMC2024000553*1*374.86*267.76*0*12*CLAIMREF001*11~
CAS*CO*45*107.10~
SVC*HC:99396*374.86*267.76**1~
DTM*472*20241201~
CLP*MMC2024000678*1*23.44*16.74*0*12*CLAIMREF001*11~
CAS*CO*45*6.70~
SVC*HC:80053*23.44*16.74**1~
DTM*472*20241216~
CLP*MMC2024001076*1*152.67*109.05*0*12*CLAIMREF001*11~
CAS*CO*45*43.62~
SVC*HC:99232*152.67*109.05**1~
DTM*472*20241212~
CLP*MMC2024000385*1*282.94*202.10*0*12*CLAIMREF001*11~
CAS*CO*45*80.84~
SVC*HC:99214*282.94*202.10**1~
DTM*472*20241225~
CLP*MMC2024000387*1*290.65*207.61*0*12*CLAIMREF001*11~
CAS*CO*45*83.04~
SVC*HC:99214*290.65*207.61**1~
DTM*472*20241216~
CLP*MMC2024000460*1*349.13*249.38*0*12*CLAIMREF001*11~
CAS*CO*45*99.75~
SVC*HC:99395*349.13*249.38**1~
DTM*472*20241220~
CLP*MMC2024000392*1*277.09*197.92*0*12*CLAIMREF001*11~
CAS*CO*45*79.17~
SVC*HC:99214*277.09*197.92**1~
DTM*472*20241218~
CLP*MMC2024000384*1*270.83*193.45*0*12*CLAIMREF001*11~
CAS*CO*45*77.38~
SVC*HC:99214*270.83*193.45**1~
DTM*472*20241214~
CLP*MMC2024000431*1*273.97*195.69*0*12*CLAIMREF001*11~
CAS*CO*45*78.28~
SVC*HC:99214*273.97*195.69**1~
DTM*472*20241220~
CLP*MMC2024000909*1*20.54*14.67*0*12*CLAIMREF001*11~
CAS*CO*45*5.87~
SVC*HC:36415*20.54*14.67**1~
DTM*472*20241217~
CLP*MMC2024000867*1*36.71*26.22*0*12*CLAIMREF001*11~
CAS*CO*45*10.49~
SVC*HC:93000*36.71*26.22**1~
DTM*472*20241206~
CLP*MMC2024000139*1*211.26*150.90*0*12*CLAIMREF001*11~
CAS*CO*45*60.36~
SVC*HC:99213*211.26*150.90**1~
DTM*472*20241224~
CLP*MMC2024000185*1*199.79*142.71*0*12*CLAIMREF001*11~
CAS*CO*45*57.08~
SVC*HC:99213*199.79*142.71**1~
DTM*472*20241209~
CLP*MMC2024000419*1*262.21*187.29*0*12*CLAIMREF001*11~
CAS*CO*45*74.92~
SVC*HC:99214*262.21*187.29**1~
DTM*472*20241216~
CLP*MMC2024000294*1*191.84*137.03*0*12*CLAIMREF001*11~
CAS*CO*45*54.81~
SVC*HC:99213*191.84*137.03**1~
DTM*472*20241211~
CLP*MMC2024000033*1*2610.96*1864.97*0*12*CLAIMREF001*11~
CAS*CO*45*745.99~
SVC*HC:73721*2610.96*1864.97**1~
DTM*472*20241212~
CLP*MMC2024000920*1*21.13*15.09*0*12*CLAIMREF001*11~
CAS*CO*45*6.04~
SVC*HC:36415*21.13*15.09**1~
DTM*472*20241224~
CLP*MMC2024000071*1*6992.57*4994.69*0*12*CLAIMREF001*11~
CAS*CO*45*1997.88~
SVC*HC:22551*6992.57*4994.69**1~
DTM*472*20241206~
CLP*MMC2024000062*1*430.63*307.59*0*12*CLAIMREF001*11~
CAS*CO*45*123.04~
SVC*HC:75571*430.63*307.59**1~
DTM*472*20241203~
CLP*MMC2024000555*1*339.14*242.24*0*12*CLAIMREF001*11~
CAS*CO*45*96.90~
SVC*HC:99396*339.14*242.24**1~
DTM*472*20241212~
CLP*MMC2024000066*1*449.65*321.18*0*12*CLAIMREF001*11~
CAS*CO*45*128.47~
SVC*HC:75571*449.65*321.18**1~
DTM*472*20241201~
CLP*MMC2024000353*1*296.86*212.04*0*12*CLAIMREF001*11~
CAS*CO*45*84.82~
SVC*HC:99214*296.86*212.04**1~
DTM*472*20241228~
CLP*MMC2024000434*1*269.18*192.27*0*12*CLAIMREF001*11~
CAS*CO*45*76.91~
SVC*HC:99214*269.18*192.27**1~
DTM*472*20241207~
CLP*MMC2024000047*1*574.35*410.25*0*12*CLAIMREF001*11~
CAS*CO*45*164.10~
SVC*HC:93306*574.35*410.25**1~
DTM*472*20241207~
CLP*MMC2024000075*1*921.41*658.15*0*12*CLAIMREF001*11~
CAS*CO*45*263.26~
SVC*HC:93350*921.41*658.15**1~
DTM*472*20241204~
CLP*MMC2024000593*1*338.21*241.58*0*12*CLAIMREF001*11~
CAS*CO*45*96.63~
SVC*HC:99396*338.21*241.58**1~
DTM*472*20241226~
CLP*MMC2024000818*1*15.72*11.23*0*12*CLAIMREF001*11~
CAS*CO*45*4.49~
SVC*HC:85025*15.72*11.23**1~
DTM*472*20241211~
CLP*MMC2024000004*1*5646.27*4033.05*0*12*CLAIMREF001*11~
CAS*CO*45*1613.22~
SVC*HC:27447*5646.27*4033.05**1~
DTM*472*20241224~
CLP*MMC2024000261*1*196.08*140.06*0*12*CLAIMREF001*11~
CAS*CO*45*56.02~
SVC*HC:99213*196.08*140.06**1~
DTM*472*20241227~
CLP*MMC2024000406*1*268.51*191.79*0*12*CLAIMREF001*11~
CAS*CO*45*76.72~
SVC*HC:99214*268.51*191.79**1~
DTM*472*20241208~
CLP*MMC2024000023*1*2697.87*1927.05*0*12*CLAIMREF001*11~
CAS*CO*45*770.82~
SVC*HC:73721*2697.87*1927.05**1~
DTM*472*20241213~
CLP*MMC2024000316*1*292.28*208.77*0*12*CLAIMREF001*11~
CAS*CO*45*83.51~
SVC*HC:99214*292.28*208.77**1~
DTM*472*20241213~
CLP*MMC2024001060*1*159.71*114.08*0*12*CLAIMREF001*11~
CAS*CO*45*45.63~
SVC*HC:99232*159.71*114.08**1~
DTM*472*20241216~
CLP*MMC2024000474*1*326.66*233.33*0*12*CLAIMREF001*11~
CAS*CO*45*93.33~
SVC*HC:99395*326.66*233.33**1~
DTM*472*20241222~
CLP*MMC2024000573*1*383.33*273.81*0*12*CLAIMREF001*11~
CAS*CO*45*109.52~
SVC*HC:99396*383.33*273.81**1~
DTM*472*20241207~
CLP*MMC2024000060*1*417.06*297.90*0*12*CLAIMREF001*11~
CAS*CO*45*119.16~
SVC*HC:75571*417.06*297.90**1~
DTM*472*20241221~
CLP*MMC2024000761*1*15.93*11.38*0*12*CLAIMREF001*11~
CAS*CO*45*4.55~
SVC*HC:85025*15.93*11.38**1~
DTM*472*20241203~
CLP*MMC2024000468*1*317.81*227.01*0*12*CLAIMREF001*11~
CAS*CO*45*90.80~
SVC*HC:99395*317.81*227.01**1~
DTM*472*20241217~
CLP*MMC2024000778*1*14.81*10.58*0*12*CLAIMREF001*11~
CAS*CO*45*4.23~
SVC*HC:85025*14.81*10.58**1~
DTM*472*20241225~
CLP*MMC2024000526*1*359.16*256.54*0*12*CLAIMREF001*11~
CAS*CO*45*102.62~
SVC*HC:99395*359.16*256.54**1~
DTM*472*20241213~
CLP*MMC2024000136*1*223.38*159.56*0*12*CLAIMREF001*11~
CAS*CO*45*63.82~
SVC*HC:99213*223.38*159.56**1~
DTM*472*20241209~
CLP*MMC2024000465*1*363.97*259.98*0*12*CLAIMREF001*11~
CAS*CO*45*103.99~
SVC*HC:99395*363.97*259.98**1~
DTM*472*20241222~
CLP*MMC2024000057*1*579.88*414.20*0*12*CLAIMREF001*11~
CAS*CO*45*165.68~
SVC*HC:93306*579.88*414.20**1~
DTM*472*20241205~
CLP*MMC2024000457*1*336.03*240.02*0*12*CLAIMREF001*11~
CAS*CO*45*96.01~
SVC*HC:99395*336.03*240.02**1~
DTM*472*20241216~
CLP*MMC2024000523*1*321.08*229.34*0*12*CLAIMREF001*11~
CAS*CO*45*91.74~
SVC*HC:99395*321.08*229.34**1~
DTM*472*20241225~
CLP*MMC2024000094*1*396.17*282.98*0*12*CLAIMREF001*11~
CAS*CO*45*113.19~
SVC*HC:20610*396.17*282.98**1~
DTM*472*20241207~
CLP*MMC2024000982*1*20.69*14.78*0*12*CLAIMREF001*11~
CAS*CO*45*5.91~
SVC*HC:36415*20.69*14.78**1~
DTM*472*20241216~
CLP*MMC2024000598*1*345.84*247.03*0*12*CLAIMREF001*11~
CAS*CO*45*98.81~
SVC*HC:99396*345.84*247.03**1~
DTM*472*20241205~
CLP*MMC2024000921*1*21.04*15.03*0*12*CLAIMREF001*11~
CAS*CO*45*6.01~
SVC*HC:36415*21.04*15.03**1~
DTM*472*20241205~
CLP*MMC2024000211*1*216.05*154.32*0*12*CLAIMREF001*11~
CAS*CO*45*61.73~
SVC*HC:99213*216.05*154.32**1~
DTM*472*20241209~
CLP*MMC2024000770*1*15.83*11.31*0*12*CLAIMREF001*11~
CAS*CO*45*4.52~
SVC*HC:85025*15.83*11.31**1~
DTM*472*20241204~
CLP*MMC2024000120*1*184.55*131.82*0*12*CLAIMREF001*11~
CAS*CO*45*52.73~
SVC*HC:99213*184.55*131.82**1~
DTM*472*20241224~
CLP*MMC2024000952*1*19.29*13.78*0*12*CLAIMREF001*11~
CAS*CO*45*5.51~
SVC*HC:36415*19.29*13.78**1~
DTM*472*20241223~
CLP*MMC2024000533*1*356.96*254.97*0*12*CLAIMREF001*11~
CAS*CO*45*101.99~
SVC*HC:99395*356.96*254.97**1~
DTM*472*20241215~
CLP*MMC2024000833*1*16.35*11.68*0*12*CLAIMREF001*11~
CAS*CO*45*4.67~
SVC*HC:85025*16.35*11.68**1~
DTM*472*20241221~
CLP*MMC2024000169*1*218.93*156.38*0*12*CLAIMREF001*11~
CAS*CO*45*62.55~
SVC*HC:99213*218.93*156.38**1~
DTM*472*20241212~
CLP*MMC2024000154*1*192.35*137.39*0*12*CLAIMREF001*11~
CAS*CO*45*54.96~
SVC*HC:99213*192.35*137.39**1~
DTM*472*20241220~
CLP*MMC2024000550*1*390.78*279.13*0*12*CLAIMREF001*11~
CAS*CO*45*111.65~
SVC*HC:99396*390.78*279.13**1~
DTM*472*20241225~
CLP*MMC2024000812*1*16.11*11.51*0*12*CLAIMREF001*11~
CAS*CO*45*4.60~
SVC*HC:85025*16.11*11.51**1~
DTM*472*20241206~
CLP*MMC2024000208*1*220.82*157.73*0*12*CLAIMREF001*11~
CAS*CO*45*63.09~
SVC*HC:99213*220.82*157.73**1~
DTM*472*20241226~
CLP*MMC2024000518*1*327.32*233.80*0*12*CLAIMREF001*11~
CAS*CO*45*93.52~
SVC*HC:99395*327.32*233.80**1~
DTM*472*20241218~
CLP*MMC2024000561*1*357.42*255.30*0*12*CLAIMREF001*11~
CAS*CO*45*102.12~
SVC*HC:99396*357.42*255.30**1~
DTM*472*20241222~
CLP*MMC2024001062*1*150.46*107.47*0*12*CLAIMREF001*11~
CAS*CO*45*42.99~
SVC*HC:99232*150.46*107.47**1~
DTM*472*20241210~
CLP*MMC2024000115*1*186.07*132.91*0*12*CLAIMREF001*11~
CAS*CO*45*53.16~
SVC*HC:99213*186.07*132.91**1~
DTM*472*20241214~
CLP*MMC2024000578*1*352.53*251.81*0*12*CLAIMREF001*11~
CAS*CO*45*100.72~
SVC*HC:99396*352.53*251.81**1~
DTM*472*20241227~
CLP*MMC2024001074*1*147.11*105.08*0*12*CLAIMREF001*11~
CAS*CO*45*42.03~
SVC*HC:99232*147.11*105.08**1~
DTM*472*20241202~
CLP*MMC2024000371*1*300.73*214.81*0*12*CLAIMREF001*11~
CAS*CO*45*85.92~
SVC*HC:99214*300.73*214.81**1~
DTM*472*20241227~
CLP*MMC2024000796*1*15.48*11.06*0*12*CLAIMREF001*11~
CAS*CO*45*4.42~
SVC*HC:85025*15.48*11.06**1~
DTM*472*20241203~
CLP*MMC2024000541*1*383.70*274.07*0*12*CLAIMREF001*11~
CAS*CO*45*109.63~
SVC*HC:99396*383.70*274.07**1~
DTM*472*20241228~
CLP*MMC2024000819*1*16.86*12.04*0*12*CLAIMREF001*11~
CAS*CO*45*4.82~
SVC*HC:85025*16.86*12.04**1~
DTM*472*20241202~
CLP*MMC2024001019*1*149.95*107.11*0*12*CLAIMREF001*11~
CAS*CO*45*42.84~
SVC*HC:99283*149.95*107.11**1~
DTM*472*20241217~
CLP*MMC2024000084*1*3051.34*2179.53*0*12*CLAIMREF001*11~
CAS*CO*45*871.81~
SVC*HC:75574*3051.34*2179.53**1~
DTM*472*20241227~
CLP*MMC2024000611*1*22.72*16.23*0*12*CLAIMREF001*11~
CAS*CO*45*6.49~
SVC*HC:80053*22.72*16.23**1~
DTM*472*20241203~
CLP*MMC2024000697*1*21.35*15.25*0*12*CLAIMREF001*11~
CAS*CO*45*6.10~
SVC*HC:80053*21.35*15.25**1~
DTM*472*20241209~
CLP*MMC2024000254*1*195.54*139.67*0*12*CLAIMREF001*11~
CAS*CO*45*55.87~
SVC*HC:99213*195.54*139.67**1~
DTM*472*20241215~
CLP*MMC2024000224*1*223.20*159.43*0*12*CLAIMREF001*11~
CAS*CO*45*63.77~
SVC*HC:99213*223.20*159.43**1~
DTM*472*20241218~
CLP*MMC2024000681*1*21.41*15.29*0*12*CLAIMREF001*11~
CAS*CO*45*6.12~
SVC*HC:80053*21.41*15.29**1~
DTM*472*20241205~
CLP*MMC2024000551*1*371.49*265.35*0*12*CLAIMREF001*11~
CAS*CO*45*106.14~
SVC*HC:99396*371.49*265.35**1~
DTM*472*20241228~
CLP*MMC2024000483*1*356.44*254.60*0*12*CLAIMREF001*11~
CAS*CO*45*101.84~
SVC*HC:99395*356.44*254.60**1~
DTM*472*20241227~
CLP*MMC2024000563*1*344.01*245.72*0*12*CLAIMREF001*11~
CAS*CO*45*98.29~
SVC*HC:99396*344.01*245.72**1~
DTM*472*20241215~
CLP*MMC2024000719*1*24.33*17.38*0*12*CLAIMREF001*11~
CAS*CO*45*6.95~
SVC*HC:80053*24.33*17.38**1~
DTM*472*20241225~
CLP*MMC2024000426*1*288.71*206.22*0*12*CLAIMREF001*11~
CAS*CO*45*82.49~
SVC*HC:99214*288.71*206.22**1~
DTM*472*20241226~
CLP*MMC2024000383*1*305.45*218.18*0*12*CLAIMREF001*11~
CAS*CO*45*87.27~
SVC*HC:99214*305.45*218.18**1~
DTM*472*20241203~
CLP*MMC2024000621*1*21.43*15.31*0*12*CLAIMREF001*11~
CAS*CO*45*6.12~
SVC*HC:80053*21.43*15.31**1~
DTM*472*20241220~
CLP*MMC2024000949*1*19.85*14.18*0*12*CLAIMREF001*11~
CAS*CO*45*5.67~
SVC*HC:36415*19.85*14.18**1~
DTM*472*20241211~
CLP*MMC2024000868*1*39.96*28.54*0*12*CLAIMREF001*11~
CAS*CO*45*11.42~
SVC*HC:93000*39.96*28.54**1~
DTM*472*20241226~
CLP*MMC2024000157*1*205.74*146.96*0*12*CLAIMREF001*11~
CAS*CO*45*58.78~
SVC*HC:99213*205.74*146.96**1~
DTM*472*20241211~
CLP*MMC2024001020*1*176.85*126.32*0*12*CLAIMREF001*11~
CAS*CO*45*50.53~
SVC*HC:99283*176.85*126.32**1~
DTM*472*20241228~
CLP*MMC2024000137*1*220.92*157.80*0*12*CLAIMREF001*11~
CAS*CO*45*63.12~
SVC*HC:99213*220.92*157.80**1~
DTM*472*20241226~
CLP*MMC2024001051*1*141.46*101.04*0*12*CLAIMREF001*11~
CAS*CO*45*40.42~
SVC*HC:99232*141.46*101.04**1~
DTM*472*20241204~
CLP*MMC2024000227*1*189.50*135.36*0*12*CLAIMREF001*11~
CAS*CO*45*54.14~
SVC*HC:99213*189.50*135.36**1~
DTM*472*20241209~
CLP*MMC2024000630*1*21.77*15.55*0*12*CLAIMREF001*11~
CAS*CO*45*6.22~
SVC*HC:80053*21.77*15.55**1~
DTM*472*20241212~
CLP*MMC2024000377*1*300.69*214.78*0*12*CLAIMREF001*11~
CAS*CO*45*85.91~
SVC*HC:99214*300.69*214.78**1~
DTM*472*20241206~
CLP*MMC2024000844*1*42.00*30.00*0*12*CLAIMREF001*11~
CAS*CO*45*12.00~
SVC*HC:93000*42.00*30.00**1~
DTM*472*20241205~
CLP*MMC2024000837*1*18.19*12.99*0*12*CLAIMREF001*11~
CAS*CO*45*5.20~
SVC*HC:85025*18.19*12.99**1~
DTM*472*20241217~
CLP*MMC2024000121*1*196.25*140.18*0*12*CLAIMREF001*11~
CAS*CO*45*56.07~
SVC*HC:99213*196.25*140.18**1~
DTM*472*20241228~
CLP*MMC2024001079*1*159.75*114.11*0*12*CLAIMREF001*11~
CAS*CO*45*45.64~
SVC*HC:99232*159.75*114.11**1~
DTM*472*20241209~
CLP*MMC2024000319*1*307.06*219.33*0*12*CLAIMREF001*11~
CAS*CO*45*87.73~
SVC*HC:99214*307.06*219.33**1~
DTM*472*20241218~
CLP*MMC2024000789*1*15.89*11.35*0*12*CLAIMREF001*11~
CAS*CO*45*4.54~
SVC*HC:85025*15.89*11.35**1~
DTM*472*20241219~
CLP*MMC2024000721*1*23.38*16.70*0*12*CLAIMREF001*11~
CAS*CO*45*6.68~
SVC*HC:80053*23.38*16.70**1~
DTM*472*20241218~
CLP*MMC2024000515*1*340.48*243.20*0*12*CLAIMREF001*11~
CAS*CO*45*97.28~
SVC*HC:99395*340.48*243.20**1~
DTM*472*20241222~
CLP*MMC2024000703*1*21.69*15.49*0*12*CLAIMREF001*11~
CAS*CO*45*6.20~
SVC*HC:80053*21.69*15.49**1~
DTM*472*20241205~
CLP*MMC2024000836*1*17.49*12.49*0*12*CLAIMREF001*11~
CAS*CO*45*5.00~
SVC*HC:85025*17.49*12.49**1~
DTM*472*20241224~
CLP*MMC2024000164*1*182.39*130.28*0*12*CLAIMREF001*11~
CAS*CO*45*52.11~
SVC*HC:99213*182.39*130.28**1~
DTM*472*20241220~
CLP*MMC2024000315*1*278.05*198.61*0*12*CLAIMREF001*11~
CAS*CO*45*79.44~
SVC*HC:99214*278.05*198.61**1~
DTM*472*20241222~
CLP*MMC2024000477*1*335.75*239.82*0*12*CLAIMREF001*11~
CAS*CO*45*95.93~
SVC*HC:99395*335.75*239.82**1~
DTM*472*20241222~
CLP*MMC2024000122*1*186.59*133.28*0*12*CLAIMREF001*11~
CAS*CO*45*53.31~
SVC*HC:99213*186.59*133.28**1~
DTM*472*20241207~
CLP*MMC2024000684*1*22.67*16.19*0*12*CLAIMREF001*11~
CAS*CO*45*6.48~
SVC*HC:80053*22.67*16.19**1~
DTM*472*20241211~
CLP*MMC2024000064*1*455.53*325.38*0*12*CLAIMREF001*11~
CAS*CO*45*130.15~
SVC*HC:75571*455.53*325.38**1~
DTM*472*20241217~
CLP*MMC2024000820*1*17.32*12.37*0*12*CLAIMREF001*11~
CAS*CO*45*4.95~
SVC*HC:85025*17.32*12.37**1~
DTM*472*20241221~
CLP*MMC2024001001*1*17.53*12.52*0*12*CLAIMREF001*11~
CAS*CO*45*5.01~
SVC*HC:36415*17.53*12.52**1~
DTM*472*20241203~
CLP*MMC2024000369*1*280.35*200.25*0*12*CLAIMREF001*11~
CAS*CO*45*80.10~
SVC*HC:99214*280.35*200.25**1~
DTM*472*20241224~
CLP*MMC2024000670*1*20.22*14.44*0*12*CLAIMREF001*11~
CAS*CO*45*5.78~
SVC*HC:80053*20.22*14.44**1~
DTM*472*20241217~
CLP*MMC2024000822*1*14.39*10.28*0*12*CLAIMREF001*11~
CAS*CO*45*4.11~
SVC*HC:85025*14.39*10.28**1~
DTM*472*20241222~
CLP*MMC2024000012*1*2716.14*1940.10*0*12*CLAIMREF001*11~
CAS*CO*45*776.04~
SVC*HC:29881*2716.14*1940.10**1~
DTM*472*20241209~
CLP*MMC2024000587*1*348.26*248.76*0*12*CLAIMREF001*11~
CAS*CO*45*99.50~
SVC*HC:99396*348.26*248.76**1~
DTM*472*20241207~
CLP*MMC2024000891*1*36.05*25.75*0*12*CLAIMREF001*11~
CAS*CO*45*10.30~
SVC*HC:93000*36.05*25.75**1~
DTM*472*20241220~
CLP*MMC2024000597*1*354.30*253.07*0*12*CLAIMREF001*11~
CAS*CO*45*101.23~
SVC*HC:99396*354.30*253.07**1~
DTM*472*20241214~
CLP*MMC2024000310*1*279.54*199.67*0*12*CLAIMREF001*11~
CAS*CO*45*79.87~
SVC*HC:99214*279.54*199.67**1~
DTM*472*20241224~
CLP*MMC2024000338*1*266.46*190.33*0*12*CLAIMREF001*11~
CAS*CO*45*76.13~
SVC*HC:99214*266.46*190.33**1~
DTM*472*20241205~
CLP*MMC2024000274*1*214.34*153.10*0*12*CLAIMREF001*11~
CAS*CO*45*61.24~
SVC*HC:99213*214.34*153.10**1~
DTM*472*20241204~
CLP*MMC2024000772*1*15.68*11.20*0*12*CLAIMREF001*11~
CAS*CO*45*4.48~
SVC*HC:85025*15.68*11.20**1~
DTM*472*20241203~
CLP*MMC2024000458*1*332.51*237.51*0*12*CLAIMREF001*11~
CAS*CO*45*95.00~
SVC*HC:99395*332.51*237.51**1~
DTM*472*20241220~
CLP*MMC2024000242*1*187.24*133.74*0*12*CLAIMREF001*11~
CAS*CO*45*53.50~
SVC*HC:99213*187.24*133.74**1~
DTM*472*20241210~
CLP*MMC2024000393*1*285.01*203.58*0*12*CLAIMREF001*11~
CAS*CO*45*81.43~
SVC*HC:99214*285.01*203.58**1~
DTM*472*20241214~
CLP*MMC2024000268*1*201.12*143.66*0*12*CLAIMREF001*11~
CAS*CO*45*57.46~
SVC*HC:99213*201.12*143.66**1~
DTM*472*20241221~
CLP*MMC2024000007*1*5603.51*4002.51*0*12*CLAIMREF001*11~
CAS*CO*45*1601.00~
SVC*HC:27447*5603.51*4002.51**1~
DTM*472*20241207~
CLP*MMC2024000255*1*200.56*143.26*0*12*CLAIMREF001*11~
CAS*CO*45*57.30~
SVC*HC:99213*200.56*143.26**1~
DTM*472*20241207~
CLP*MMC2024000332*1*308.00*220.00*0*12*CLAIMREF001*11~
CAS*CO*45*88.00~
SVC*HC:99214*308.00*220.00**1~
DTM*472*20241212~
CLP*MMC2024000907*1*18.77*13.41*0*12*CLAIMREF001*11~
CAS*CO*45*5.36~
SVC*HC:36415*18.77*13.41**1~
DTM*472*20241219~
CLP*MMC2024000144*1*206.33*147.38*0*12*CLAIMREF001*11~
CAS*CO*45*58.95~
SVC*HC:99213*206.33*147.38**1~
DTM*472*20241218~
CLP*MMC2024000190*1*211.64*151.17*0*12*CLAIMREF001*11~
CAS*CO*45*60.47~
SVC*HC:99213*211.64*151.17**1~
DTM*472*20241218~
CLP*MMC2024000098*1*411.40*293.86*0*12*CLAIMREF001*11~
CAS*CO*45*117.54~
SVC*HC:20610*411.40*293.86**1~
DTM*472*20241221~
CLP*MMC2024000931*1*21.76*15.54*0*12*CLAIMREF001*11~
CAS*CO*45*6.22~
SVC*HC:36415*21.76*15.54**1~
DTM*472*20241211~
CLP*MMC2024000411*1*273.31*195.22*0*12*CLAIMREF001*11~
CAS*CO*45*78.09~
SVC*HC:99214*273.31*195.22**1~
DTM*472*20241205~
CLP*MMC2024000089*1*375.12*267.94*0*12*CLAIMREF001*11~
CAS*CO*45*107.18~
SVC*HC:20610*375.12*267.94**1~
DTM*472*20241225~
CLP*MMC2024000336*1*305.54*218.24*0*12*CLAIMREF001*11~
CAS*CO*45*87.30~
SVC*HC:99214*305.54*218.24**1~
DTM*472*20241207~
CLP*MMC2024000528*1*352.38*251.70*0*12*CLAIMREF001*11~
CAS*CO*45*100.68~
SVC*HC:99395*352.38*251.70**1~
DTM*472*20241221~
CLP*MMC2024000438*1*259.13*185.09*0*12*CLAIMREF001*11~
CAS*CO*45*74.04~
SVC*HC:99214*259.13*185.09**1~
DTM*472*20241215~
CLP*MMC2024000416*1*275.69*196.92*0*12*CLAIMREF001*11~
CAS*CO*45*78.77~
SVC*HC:99214*275.69*196.92**1~
DTM*472*20241202~
CLP*MMC2024000655*1*20.90*14.93*0*12*CLAIMREF001*11~
CAS*CO*45*5.97~
SVC*HC:80053*20.90*14.93**1~
DTM*472*20241225~
CLP*MMC2024000626*1*20.38*14.56*0*12*CLAIMREF001*11~
CAS*CO*45*5.82~
SVC*HC:80053*20.38*14.56**1~
DTM*472*20241202~
CLP*MMC2024000888*1*31.23*22.31*0*12*CLAIMREF001*11~
CAS*CO*45*8.92~
SVC*HC:93000*31.23*22.31**1~
DTM*472*20241227~
CLP*MMC2024000859*1*39.19*27.99*0*12*CLAIMREF001*11~
CAS*CO*45*11.20~
SVC*HC:93000*39.19*27.99**1~
DTM*472*20241215~
CLP*MMC2024000776*1*14.32*10.23*0*12*CLAIMREF001*11~
CAS*CO*45*4.09~
SVC*HC:85025*14.32*10.23**1~
DTM*472*20241221~
CLP*MMC2024000691*1*22.69*16.21*0*12*CLAIMREF001*11~
CAS*CO*45*6.48~
SVC*HC:80053*22.69*16.21**1~
DTM*472*20241228~
CLP*MMC2024000873*1*38.77*27.69*0*12*CLAIMREF001*11~
CAS*CO*45*11.08~
SVC*HC:93000*38.77*27.69**1~
DTM*472*20241217~
CLP*MMC2024001040*1*156.97*112.12*0*12*CLAIMREF001*11~
CAS*CO*45*44.85~
SVC*HC:99232*156.97*112.12**1~
DTM*472*20241210~
CLP*MMC2024000810*1*17.78*12.70*0*12*CLAIMREF001*11~
CAS*CO*45*5.08~
SVC*HC:85025*17.78*12.70**1~
DTM*472*20241211~
CLP*MMC2024000346*1*264.29*188.78*0*12*CLAIMREF001*11~
CAS*CO*45*75.51~
SVC*HC:99214*264.29*188.78**1~
DTM*472*20241201~
CLP*MMC2024001053*1*137.93*98.52*0*12*CLAIMREF001*11~
CAS*CO*45*39.41~
SVC*HC:99232*137.93*98.52**1~
DTM*472*20241202~
CLP*MMC2024000015*1*2784.10*1988.64*0*12*CLAIMREF001*11~
CAS*CO*45*795.46~
SVC*HC:29881*2784.10*1988.64**1~
DTM*472*20241211~
CLP*MMC2024000879*1*39.94*28.53*0*12*CLAIMREF001*11~
CAS*CO*45*11.41~
SVC*HC:93000*39.94*28.53**1~
DTM*472*20241212~
CLP*MMC2024000736*1*16.51*11.79*0*12*CLAIMREF001*11~
CAS*CO*45*4.72~
SVC*HC:85025*16.51*11.79**1~
DTM*472*20241202~
CLP*MMC2024000264*1*215.88*154.20*0*12*CLAIMREF001*11~
CAS*CO*45*61.68~
SVC*HC:99213*215.88*154.20**1~
DTM*472*20241205~
CLP*MMC2024000664*1*21.42*15.30*0*12*CLAIMREF001*11~
CAS*CO*45*6.12~
SVC*HC:80053*21.42*15.30**1~
DTM*472*20241206~
CLP*MMC2024000470*1*318.16*227.26*0*12*CLAIMREF001*11~
CAS*CO*45*90.90~
SVC*HC:99395*318.16*227.26**1~
DTM*472*20241219~
CLP*MMC2024001082*1*137.51*98.22*0*12*CLAIMREF001*11~
CAS*CO*45*39.29~
SVC*HC:99232*137.51*98.22**1~
DTM*472*20241204~
CLP*MMC2024000167*1*203.25*145.18*0*12*CLAIMREF001*11~
CAS*CO*45*58.07~
SVC*HC:99213*203.25*145.18**1~
DTM*472*20241205~
CLP*MMC2024000922*1*17.05*12.18*0*12*CLAIMREF001*11~
CAS*CO*45*4.87~
SVC*HC:36415*17.05*12.18**1~
DTM*472*20241218~
CLP*MMC2024000116*1*196.88*140.63*0*12*CLAIMREF001*11~
CAS*CO*45*56.25~
SVC*HC:99213*196.88*140.63**1~
DTM*472*20241214~
CLP*MMC2024000829*1*15.30*10.93*0*12*CLAIMREF001*11~
CAS*CO*45*4.37~
SVC*HC:85025*15.30*10.93**1~
DTM*472*20241221~
CLP*MMC2024000198*1*222.84*159.17*0*12*CLAIMREF001*11~
CAS*CO*45*63.67~
SVC*HC:99213*222.84*159.17**1~
DTM*472*20241202~
CLP*MMC2024000280*1*215.66*154.04*0*12*CLAIMREF001*11~
CAS*CO*45*61.62~
SVC*HC:99213*215.66*154.04**1~
DTM*472*20241222~
CLP*MMC2024000480*1*333.47*238.19*0*12*CLAIMREF001*11~
CAS*CO*45*95.28~
SVC*HC:99395*333.47*238.19**1~
DTM*472*20241211~
CLP*MMC2024000517*1*333.00*237.86*0*12*CLAIMREF001*11~
CAS*CO*45*95.14~
SVC*HC:99395*333.00*237.86**1~
DTM*472*20241216~
CLP*MMC2024000138*1*201.11*143.65*0*12*CLAIMREF001*11~
CAS*CO*45*57.46~
SVC*HC:99213*201.11*143.65**1~
DTM*472*20241214~
CLP*MMC2024000506*1*333.58*238.27*0*12*CLAIMREF001*11~
CAS*CO*45*95.31~
SVC*HC:99395*333.58*238.27**1~
DTM*472*20241205~
CLP*MMC2024000537*1*390.32*278.80*0*12*CLAIMREF001*11~
CAS*CO*45*111.52~
SVC*HC:99396*390.32*278.80**1~
DTM*472*20241203~
CLP*MMC2024000968*1*18.83*13.45*0*12*CLAIMREF001*11~
CAS*CO*45*5.38~
SVC*HC:36415*18.83*13.45**1~
DTM*472*20241219~
CLP*MMC2024000657*1*19.61*14.01*0*12*CLAIMREF001*11~
CAS*CO*45*5.60~
SVC*HC:80053*19.61*14.01**1~
DTM*472*20241228~
CLP*MMC2024000466*1*354.00*252.86*0*12*CLAIMREF001*11~
CAS*CO*45*101.14~
SVC*HC:99395*354.00*252.86**1~
DTM*472*20241219~
CLP*MMC2024000292*1*192.05*137.18*0*12*CLAIMREF001*11~
CAS*CO*45*54.87~
SVC*HC:99213*192.05*137.18**1~
DTM*472*20241215~
CLP*MMC2024000344*1*294.20*210.14*0*12*CLAIMREF001*11~
CAS*CO*45*84.06~
SVC*HC:99214*294.20*210.14**1~
DTM*472*20241225~
CLP*MMC2024000110*1*204.65*146.18*0*12*CLAIMREF001*11~
CAS*CO*45*58.47~
SVC*HC:99213*204.65*146.18**1~
DTM*472*20241224~
CLP*MMC2024000618*1*20.20*14.43*0*12*CLAIMREF001*11~
CAS*CO*45*5.77~
SVC*HC:80053*20.20*14.43**1~
DTM*472*20241208~
CLP*MMC2024000582*1*390.52*278.94*0*12*CLAIMREF001*11~
CAS*CO*45*111.58~
SVC*HC:99396*390.52*278.94**1~
DTM*472*20241220~
CLP*MMC2024000992*1*17.68*12.63*0*12*CLAIMREF001*11~
CAS*CO*45*5.05~
SVC*HC:36415*17.68*12.63**1~
DTM*472*20241223~
CLP*MMC2024000010*1*2788.97*1992.12*0*12*CLAIMREF001*11~
CAS*CO*45*796.85~
SVC*HC:29881*2788.97*1992.12**1~
DTM*472*20241223~
CLP*MMC2024001006*1*161.17*115.12*0*12*CLAIMREF001*11~
CAS*CO*45*46.05~
SVC*HC:99283*161.17*115.12**1~
DTM*472*20241205~
CLP*MMC2024000297*1*191.72*136.94*0*12*CLAIMREF001*11~
CAS*CO*45*54.78~
SVC*HC:99213*191.72*136.94**1~
DTM*472*20241223~
CLP*MMC2024000767*1*14.73*10.52*0*12*CLAIMREF001*11~
CAS*CO*45*4.21~
SVC*HC:85025*14.73*10.52**1~
DTM*472*20241220~
CLP*MMC2024000191*1*182.41*130.29*0*12*CLAIMREF001*11~
CAS*CO*45*52.12~
SVC*HC:99213*182.41*130.29**1~
DTM*472*20241203~
CLP*MMC2024000508*1*336.46*240.33*0*12*CLAIMREF001*11~
CAS*CO*45*96.13~
SVC*HC:99395*336.46*240.33**1~
DTM*472*20241205~
CLP*MMC2024000807*1*15.34*10.96*0*12*CLAIMREF001*11~
CAS*CO*45*4.38~
SVC*HC:85025*15.34*10.96**1~
DTM*472*20241216~
CLP*MMC2024000407*1*276.68*197.63*0*12*CLAIMREF001*11~
CAS*CO*45*79.05~
SVC*HC:99214*276.68*197.63**1~
DTM*472*20241210~
CLP*MMC2024000857*1*38.86*27.76*0*12*CLAIMREF001*11~
CAS*CO*45*11.10~
SVC*HC:93000*38.86*27.76**1~
DTM*472*20241215~
CLP*MMC2024000038*1*5391.81*3851.29*0*12*CLAIMREF001*11~
CAS*CO*45*1540.52~
SVC*HC:27130*5391.81*3851.29**1~
DTM*472*20241218~
CLP*MMC2024000181*1*190.55*136.11*0*12*CLAIMREF001*11~
CAS*CO*45*54.44~
SVC*HC:99213*190.55*136.11**1~
DTM*472*20241221~
CLP*MMC2024001032*1*179.48*128.20*0*12*CLAIMREF001*11~
CAS*CO*45*51.28~
SVC*HC:99283*179.48*128.20**1~
DTM*472*20241225~
CLP*MMC2024000428*1*284.61*203.29*0*12*CLAIMREF001*11~
CAS*CO*45*81.32~
SVC*HC:99214*284.61*203.29**1~
DTM*472*20241215~
CLP*MMC2024000180*1*190.85*136.32*0*12*CLAIMREF001*11~
CAS*CO*45*54.53~
SVC*HC:99213*190.85*136.32**1~
DTM*472*20241211~
CLP*MMC2024001035*1*153.41*109.58*0*12*CLAIMREF001*11~
CAS*CO*45*43.83~
SVC*HC:99283*153.41*109.58**1~
DTM*472*20241221~
CLP*MMC2024000871*1*36.18*25.84*0*12*CLAIMREF001*11~
CAS*CO*45*10.34~
SVC*HC:93000*36.18*25.84**1~
DTM*472*20241212~
CLP*MMC2024000741*1*16.55*11.82*0*12*CLAIMREF001*11~
CAS*CO*45*4.73~
SVC*HC:85025*16.55*11.82**1~
DTM*472*20241214~
CLP*MMC2024000757*1*16.35*11.68*0*12*CLAIMREF001*11~
CAS*CO*45*4.67~
SVC*HC:85025*16.35*11.68**1~
DTM*472*20241222~
CLP*MMC2024000548*1*387.58*276.84*0*12*CLAIMREF001*11~
CAS*CO*45*110.74~
SVC*HC:99396*387.58*276.84**1~
DTM*472*20241208~
CLP*MMC2024000238*1*210.17*150.12*0*12*CLAIMREF001*11~
CAS*CO*45*60.05~
SVC*HC:99213*210.17*150.12**1~
DTM*472*20241212~
CLP*MMC2024000970*1*20.61*14.72*0*12*CLAIMREF001*11~
CAS*CO*45*5.89~
SVC*HC:36415*20.61*14.72**1~
DTM*472*20241212~
CLP*MMC2024000668*1*22.26*15.90*0*12*CLAIMREF001*11~
CAS*CO*45*6.36~
SVC*HC:80053*22.26*15.90**1~
DTM*472*20241225~
CLP*MMC2024000092*1*409.51*292.51*0*12*CLAIMREF001*11~
CAS*CO*45*117.00~
SVC*HC:20610*409.51*292.51**1~
DTM*472*20241206~
CLP*MMC2024000788*1*16.37*11.69*0*12*CLAIMREF001*11~
CAS*CO*45*4.68~
SVC*HC:85025*16.37*11.69**1~
DTM*472*20241219~
CLP*MMC2024000061*1*419.24*299.46*0*12*CLAIMREF001*11~
CAS*CO*45*119.78~
SVC*HC:75571*419.24*299.46**1~
DTM*472*20241222~
CLP*MMC2024000662*1*19.68*14.06*0*12*CLAIMREF001*11~
CAS*CO*45*5.62~
SVC*HC:80053*19.68*14.06**1~
DTM*472*20241226~
CLP*MMC2024000293*1*185.25*132.32*0*12*CLAIMREF001*11~
CAS*CO*45*52.93~
SVC*HC:99213*185.25*132.32**1~
DTM*472*20241210~
CLP*MMC2024000329*1*279.65*199.75*0*12*CLAIMREF001*11~
CAS*CO*45*79.90~
SVC*HC:99214*279.65*199.75**1~
DTM*472*20241227~
CLP*MMC2024000976*1*16.94*12.10*0*12*CLAIMREF001*11~
CAS*CO*45*4.84~
SVC*HC:36415*16.94*12.10**1~
DTM*472*20241206~
CLP*MMC2024000775*1*15.40*11.00*0*12*CLAIMREF001*11~
CAS*CO*45*4.40~
SVC*HC:85025*15.40*11.00**1~
DTM*472*20241206~
CLP*MMC2024000205*1*218.32*155.94*0*12*CLAIMREF001*11~
CAS*CO*45*62.38~
SVC*HC:99213*218.32*155.94**1~
DTM*472*20241226~
CLP*MMC2024000667*1*20.23*14.45*0*12*CLAIMREF001*11~
CAS*CO*45*5.78~
SVC*HC:80053*20.23*14.45**1~
DTM*472*20241203~
CLP*MMC2024000489*1*332.75*237.68*0*12*CLAIMREF001*11~
CAS*CO*45*95.07~
SVC*HC:99395*332.75*237.68**1~
DTM*472*20241202~
CLP*MMC2024000488*1*350.36*250.26*0*12*CLAIMREF001*11~
CAS*CO*45*100.10~
SVC*HC:99395*350.36*250.26**1~
DTM*472*20241221~
CLP*MMC2024000900*1*39.69*28.35*0*12*CLAIMREF001*11~
CAS*CO*45*11.34~
SVC*HC:93000*39.69*28.35**1~
DTM*472*20241215~
CLP*MMC2024000902*1*40.94*29.24*0*12*CLAIMREF001*11~
CAS*CO*45*11.70~
SVC*HC:93000*40.94*29.24**1~
DTM*472*20241220~
CLP*MMC2024000669*1*21.63*15.45*0*12*CLAIMREF001*11~
CAS*CO*45*6.18~
SVC*HC:80053*21.63*15.45**1~
DTM*472*20241219~
CLP*MMC2024000417*1*271.38*193.84*0*12*CLAIMREF001*11~
CAS*CO*45*77.54~
SVC*HC:99214*271.38*193.84**1~
DTM*472*20241228~
CLP*MMC2024000162*1*194.60*139.00*0*12*CLAIMREF001*11~
CAS*CO*45*55.60~
SVC*HC:99213*194.60*139.00**1~
DTM*472*20241211~
CLP*MMC2024000564*1*371.73*265.52*0*12*CLAIMREF001*11~
CAS*CO*45*106.21~
SVC*HC:99396*371.73*265.52**1~
DTM*472*20241215~
CLP*MMC2024000006*1*5933.21*4238.01*0*12*CLAIMREF001*11~
CAS*CO*45*1695.20~
SVC*HC:27447*5933.21*4238.01**1~
DTM*472*20241202~
CLP*MMC2024000939*1*18.33*13.09*0*12*CLAIMREF001*11~
CAS*CO*45*5.24~
SVC*HC:36415*18.33*13.09**1~
DTM*472*20241226~
CLP*MMC2024000988*1*22.33*15.95*0*12*CLAIMREF001*11~
CAS*CO*45*6.38~
SVC*HC:36415*22.33*15.95**1~
DTM*472*20241222~
CLP*MMC2024001057*1*164.58*117.56*0*12*CLAIMREF001*11~
CAS*CO*45*47.02~
SVC*HC:99232*164.58*117.56**1~
DTM*472*20241227~
CLP*MMC2024000924*1*17.78*12.70*0*12*CLAIMREF001*11~
CAS*CO*45*5.08~
SVC*HC:36415*17.78*12.70**1~
DTM*472*20241225~
CLP*MMC2024000484*1*363.33*259.52*0*12*CLAIMREF001*11~
CAS*CO*45*103.81~
SVC*HC:99395*363.33*259.52**1~
DTM*472*20241222~
CLP*MMC2024000735*1*15.36*10.97*0*12*CLAIMREF001*11~
CAS*CO*45*4.39~
SVC*HC:85025*15.36*10.97**1~
DTM*472*20241219~
CLP*MMC2024000339*1*282.20*201.57*0*12*CLAIMREF001*11~
CAS*CO*45*80.63~
SVC*HC:99214*282.20*201.57**1~
DTM*472*20241204~
CLP*MMC2024000424*1*307.71*219.79*0*12*CLAIMREF001*11~
CAS*CO*45*87.92~
SVC*HC:99214*307.71*219.79**1~
DTM*472*20241204~
CLP*MMC2024000103*1*381.42*272.44*0*12*CLAIMREF001*11~
CAS*CO*45*108.98~
SVC*HC:20610*381.42*272.44**1~
DTM*472*20241208~
CLP*MMC2024000054*1*591.61*422.58*0*12*CLAIMREF001*11~
CAS*CO*45*169.03~
SVC*HC:93306*591.61*422.58**1~
DTM*472*20241209~
CLP*MMC2024000239*1*200.12*142.94*0*12*CLAIMREF001*11~
CAS*CO*45*57.18~
SVC*HC:99213*200.12*142.94**1~
DTM*472*20241222~
CLP*MMC2024000654*1*20.80*14.86*0*12*CLAIMREF001*11~
CAS*CO*45*5.94~
SVC*HC:80053*20.80*14.86**1~
DTM*472*20241228~
CLP*MMC2024000232*1*186.86*133.47*0*12*CLAIMREF001*11~
CAS*CO*45*53.39~
SVC*HC:99213*186.86*133.47**1~
DTM*472*20241219~
CLP*MMC2024001046*1*158.14*112.96*0*12*CLAIMREF001*11~
CAS*CO*45*45.18~
SVC*HC:99232*158.14*112.96**1~
DTM*472*20241224~
CLP*MMC2024000927*1*21.35*15.25*0*12*CLAIMREF001*11~
CAS*CO*45*6.10~
SVC*HC:36415*21.35*15.25**1~
DTM*472*20241203~
CLP*MMC2024000686*1*22.57*16.12*0*12*CLAIMREF001*11~
CAS*CO*45*6.45~
SVC*HC:80053*22.57*16.12**1~
DTM*472*20241215~
CLP*MMC2024000052*1*585.58*418.27*0*12*CLAIMREF001*11~
CAS*CO*45*167.31~
SVC*HC:93306*585.58*418.27**1~
DTM*472*20241209~
CLP*MMC2024000249*1*207.86*148.47*0*12*CLAIMREF001*11~
CAS*CO*45*59.39~
SVC*HC:99213*207.86*148.47**1~
DTM*472*20241210~
CLP*MMC2024000246*1*187.35*133.82*0*12*CLAIMREF001*11~
CAS*CO*45*53.53~
SVC*HC:99213*187.35*133.82**1~
DTM*472*20241214~
CLP*MMC2024000601*1*382.51*273.22*0*12*CLAIMREF001*11~
CAS*CO*45*109.29~
SVC*HC:99396*382.51*273.22**1~
DTM*472*20241209~
CLP*MMC2024000759*1*15.67*11.19*0*12*CLAIMREF001*11~
CAS*CO*45*4.48~
SVC*HC:85025*15.67*11.19**1~
DTM*472*20241224~
CLP*MMC2024001049*1*159.63*114.02*0*12*CLAIMREF001*11~
CAS*CO*45*45.61~
SVC*HC:99232*159.63*114.02**1~
DTM*472*20241217~
CLP*MMC2024000112*1*206.21*147.29*0*12*CLAIMREF001*11~
CAS*CO*45*58.92~
SVC*HC:99213*206.21*147.29**1~
DTM*472*20241208~
CLP*MMC2024000141*1*209.80*149.86*0*12*CLAIMREF001*11~
CAS*CO*45*59.94~
SVC*HC:99213*209.80*149.86**1~
DTM*472*20241216~
CLP*MMC2024000279*1*187.10*133.64*0*12*CLAIMREF001*11~
CAS*CO*45*53.46~
SVC*HC:99213*187.10*133.64**1~
DTM*472*20241205~
CLP*MMC2024000713*1*20.79*14.85*0*12*CLAIMREF001*11~
CAS*CO*45*5.94~
SVC*HC:80053*20.79*14.85**1~
DTM*472*20241222~
CLP*MMC2024000576*1*357.35*255.25*0*12*CLAIMREF001*11~
CAS*CO*45*102.10~
SVC*HC:99396*357.35*255.25**1~
DTM*472*20241212~
CLP*MMC2024000278*1*205.41*146.72*0*12*CLAIMREF001*11~
CAS*CO*45*58.69~
SVC*HC:99213*205.41*146.72**1~
DTM*472*20241228~
CLP*MMC2024000552*1*341.63*244.02*0*12*CLAIMREF001*11~
CAS*CO*45*97.61~
SVC*HC:99396*341.63*244.02**1~
DTM*472*20241206~
CLP*MMC2024000848*1*39.07*27.91*0*12*CLAIMREF001*11~
CAS*CO*45*11.16~
SVC*HC:93000*39.07*27.91**1~
DTM*472*20241217~
CLP*MMC2024000207*1*183.04*130.74*0*12*CLAIMREF001*11~
CAS*CO*45*52.30~
SVC*HC:99213*183.04*130.74**1~
DTM*472*20241224~
CLP*MMC2024000220*1*198.73*141.95*0*12*CLAIMREF001*11~
CAS*CO*45*56.78~
SVC*HC:99213*198.73*141.95**1~
DTM*472*20241209~
CLP*MMC2024000491*1*315.34*225.24*0*12*CLAIMREF001*11~
CAS*CO*45*90.10~
SVC*HC:99395*315.34*225.24**1~
DTM*472*20241210~
CLP*MMC2024000766*1*14.08*10.06*0*12*CLAIMREF001*11~
CAS*CO*45*4.02~
SVC*HC:85025*14.08*10.06**1~
DTM*472*20241211~
CLP*MMC2024000263*1*210.25*150.18*0*12*CLAIMREF001*11~
CAS*CO*45*60.07~
SVC*HC:99213*210.25*150.18**1~
DTM*472*20241208~
CLP*MMC2024001065*1*149.00*106.43*0*12*CLAIMREF001*11~
CAS*CO*45*42.57~
SVC*HC:99232*149.00*106.43**1~
DTM*472*20241208~
CLP*MMC2024000453*1*286.89*204.92*0*12*CLAIMREF001*11~
CAS*CO*45*81.97~
SVC*HC:99214*286.89*204.92**1~
DTM*472*20241210~
CLP*MMC2024000947*1*17.25*12.32*0*12*CLAIMREF001*11~
CAS*CO*45*4.93~
SVC*HC:36415*17.25*12.32**1~
DTM*472*20241220~
CLP*MMC2024000355*1*264.94*189.24*0*12*CLAIMREF001*11~
CAS*CO*45*75.70~
SVC*HC:99214*264.94*189.24**1~
DTM*472*20241219~
CLP*MMC2024000081*1*992.22*708.73*0*12*CLAIMREF001*11~
CAS*CO*45*283.49~
SVC*HC:93350*992.22*708.73**1~
DTM*472*20241201~
CLP*MMC2024000732*1*14.91*10.65*0*12*CLAIMREF001*11~
CAS*CO*45*4.26~
SVC*HC:85025*14.91*10.65**1~
DTM*472*20241214~
CLP*MMC2024001047*1*167.58*119.70*0*12*CLAIMREF001*11~
CAS*CO*45*47.88~
SVC*HC:99232*167.58*119.70**1~
DTM*472*20241212~
CLP*MMC2024000044*1*603.78*431.27*0*12*CLAIMREF001*11~
CAS*CO*45*172.51~
SVC*HC:93306*603.78*431.27**1~
DTM*472*20241202~
CLP*MMC2024000298*1*188.41*134.58*0*12*CLAIMREF001*11~
CAS*CO*45*53.83~
SVC*HC:99213*188.41*134.58**1~
DTM*472*20241207~
CLP*MMC2024000150*1*217.76*155.54*0*12*CLAIMREF001*11~
CAS*CO*45*62.22~
SVC*HC:99213*217.76*155.54**1~
DTM*472*20241203~
CLP*MMC2024000824*1*17.04*12.17*0*12*CLAIMREF001*11~
CAS*CO*45*4.87~
SVC*HC:85025*17.04*12.17**1~
DTM*472*20241222~
CLP*MMC2024000792*1*15.33*10.95*0*12*CLAIMREF001*11~
CAS*CO*45*4.38~
SVC*HC:85025*15.33*10.95**1~
DTM*472*20241215~
CLP*MMC2024000354*1*292.53*208.95*0*12*CLAIMREF001*11~
CAS*CO*45*83.58~
SVC*HC:99214*292.53*208.95**1~
DTM*472*20241226~
CLP*MMC2024000839*1*15.78*11.27*0*12*CLAIMREF001*11~
CAS*CO*45*4.51~
SVC*HC:85025*15.78*11.27**1~
DTM*472*20241212~
CLP*MMC2024000405*1*307.05*219.32*0*12*CLAIMREF001*11~
CAS*CO*45*87.73~
SVC*HC:99214*307.05*219.32**1~
DTM*472*20241227~
CLP*MMC2024000918*1*18.73*13.38*0*12*CLAIMREF001*11~
CAS*CO*45*5.35~
SVC*HC:36415*18.73*13.38**1~
DTM*472*20241224~
CLP*MMC2024000389*1*263.56*188.26*0*12*CLAIMREF001*11~
CAS*CO*45*75.30~
SVC*HC:99214*263.56*188.26**1~
DTM*472*20241208~
CLP*MMC2024000557*1*349.68*249.77*0*12*CLAIMREF001*11~
CAS*CO*45*99.91~
SVC*HC:99396*349.68*249.77**1~
DTM*472*20241214~
CLP*MMC2024001008*1*136.64*97.60*0*12*CLAIMREF001*11~
CAS*CO*45*39.04~
SVC*HC:99283*136.64*97.60**1~
DTM*472*20241215~
CLP*MMC2024000588*1*370.78*264.84*0*12*CLAIMREF001*11~
CAS*CO*45*105.94~
SVC*HC:99396*370.78*264.84**1~
DTM*472*20241222~
CLP*MMC2024000125*1*193.70*138.36*0*12*CLAIMREF001*11~
CAS*CO*45*55.34~
SVC*HC:99213*193.70*138.36**1~
DTM*472*20241208~
CLP*MMC2024000295*1*195.43*139.59*0*12*CLAIMREF001*11~
CAS*CO*45*55.84~
SVC*HC:99213*195.43*139.59**1~
DTM*472*20241218~
CLP*MMC2024001073*1*158.47*113.19*0*12*CLAIMREF001*11~
CAS*CO*45*45.28~
SVC*HC:99232*158.47*113.19**1~
DTM*472*20241225~
CLP*MMC2024001005*1*170.69*121.92*0*12*CLAIMREF001*11~
CAS*CO*45*48.77~
SVC*HC:99283*170.69*121.92**1~
DTM*472*20241227~
CLP*MMC2024000815*1*16.20*11.57*0*12*CLAIMREF001*11~
CAS*CO*45*4.63~
SVC*HC:85025*16.20*11.57**1~
DTM*472*20241220~
CLP*MMC2024000977*1*19.60*14.00*0*12*CLAIMREF001*11~
CAS*CO*45*5.60~
SVC*HC:36415*19.60*14.00**1~
DTM*472*20241213~
CLP*MMC2024000957*1*22.39*15.99*0*12*CLAIMREF001*11~
CAS*CO*45*6.40~
SVC*HC:36415*22.39*15.99**1~
DTM*472*20241209~
CLP*MMC2024000574*1*391.96*279.97*0*12*CLAIMREF001*11~
CAS*CO*45*111.99~
SVC*HC:99396*391.96*279.97**1~
DTM*472*20241228~
CLP*MMC2024000358*1*277.16*197.97*0*12*CLAIMREF001*11~
CAS*CO*45*79.19~
SVC*HC:99214*277.16*197.97**1~
DTM*472*20241217~
CLP*MMC2024000492*1*332.53*237.52*0*12*CLAIMREF001*11~
CAS*CO*45*95.01~
SVC*HC:99395*332.53*237.52**1~
DTM*472*20241223~
CLP*MMC2024000325*1*271.75*194.11*0*12*CLAIMREF001*11~
CAS*CO*45*77.64~
SVC*HC:99214*271.75*194.11**1~
DTM*472*20241211~
CLP*MMC2024000501*1*354.61*253.29*0*12*CLAIMREF001*11~
CAS*CO*45*101.32~
SVC*HC:99395*354.61*253.29**1~
DTM*472*20241216~
CLP*MMC2024000986*1*19.29*13.78*0*12*CLAIMREF001*11~
CAS*CO*45*5.51~
SVC*HC:36415*19.29*13.78**1~
DTM*472*20241203~
CLP*MMC2024000707*1*21.90*15.64*0*12*CLAIMREF001*11~
CAS*CO*45*6.26~
SVC*HC:80053*21.90*15.64**1~
DTM*472*20241228~
CLP*MMC2024000213*1*186.54*133.24*0*12*CLAIMREF001*11~
CAS*CO*45*53.30~
SVC*HC:99213*186.54*133.24**1~
DTM*472*20241228~
CLP*MMC2024000722*1*19.75*14.11*0*12*CLAIMREF001*11~
CAS*CO*45*5.64~
SVC*HC:80053*19.75*14.11**1~
DTM*472*20241222~
CLP*MMC2024001081*1*156.81*112.01*0*12*CLAIMREF001*11~
CAS*CO*45*44.80~
SVC*HC:99232*156.81*112.01**1~
DTM*472*20241204~
CLP*MMC2024000790*1*16.70*11.93*0*12*CLAIMREF001*11~
CAS*CO*45*4.77~
SVC*HC:85025*16.70*11.93**1~
DTM*472*20241220~
CLP*MMC2024000305*1*300.99*214.99*0*12*CLAIMREF001*11~
CAS*CO*45*86.00~
SVC*HC:99214*300.99*214.99**1~
DTM*472*20241225~
CLP*MMC2024000965*1*21.18*15.13*0*12*CLAIMREF001*11~
CAS*CO*45*6.05~
SVC*HC:36415*21.18*15.13**1~
DTM*472*20241202~
CLP*MMC2024000231*1*207.47*148.19*0*12*CLAIMREF001*11~
CAS*CO*45*59.28~
SVC*HC:99213*207.47*148.19**1~
DTM*472*20241217~
CLP*MMC2024001068*1*150.32*107.37*0*12*CLAIMREF001*11~
CAS*CO*45*42.95~
SVC*HC:99232*150.32*107.37**1~
DTM*472*20241227~
CLP*MMC2024000572*1*374.65*267.61*0*12*CLAIMREF001*11~
CAS*CO*45*107.04~
SVC*HC:99396*374.65*267.61**1~
DTM*472*20241215~
CLP*MMC2024000286*1*200.73*143.38*0*12*CLAIMREF001*11~
CAS*CO*45*57.35~
SVC*HC:99213*200.73*143.38**1~
DTM*472*20241206~
CLP*MMC2024000253*1*206.36*147.40*0*12*CLAIMREF001*11~
CAS*CO*45*58.96~
SVC*HC:99213*206.36*147.40**1~
DTM*472*20241221~
CLP*MMC2024000981*1*22.39*15.99*0*12*CLAIMREF001*11~
CAS*CO*45*6.40~
SVC*HC:36415*22.39*15.99**1~
DTM*472*20241210~
CLP*MMC2024000197*1*194.95*139.25*0*12*CLAIMREF001*11~
CAS*CO*45*55.70~
SVC*HC:99213*194.95*139.25**1~
DTM*472*20241226~
CLP*MMC2024000496*1*316.88*226.34*0*12*CLAIMREF001*11~
CAS*CO*45*90.54~
SVC*HC:99395*316.88*226.34**1~
DTM*472*20241218~
CLP*MMC2024000625*1*23.24*16.60*0*12*CLAIMREF001*11~
CAS*CO*45*6.64~
SVC*HC:80053*23.24*16.60**1~
DTM*472*20241204~
CLP*MMC2024000271*1*198.79*141.99*0*12*CLAIMREF001*11~
CAS*CO*45*56.80~
SVC*HC:99213*198.79*141.99**1~
DTM*472*20241205~
CLP*MMC2024000710*1*19.89*14.21*0*12*CLAIMREF001*11~
CAS*CO*45*5.68~
SVC*HC:80053*19.89*14.21**1~
DTM*472*20241210~
CLP*MMC2024001078*1*146.52*104.66*0*12*CLAIMREF001*11~
CAS*CO*45*41.86~
SVC*HC:99232*146.52*104.66**1~
DTM*472*20241215~
CLP*MMC2024000659*1*22.62*16.16*0*12*CLAIMREF001*11~
CAS*CO*45*6.46~
SVC*HC:80053*22.62*16.16**1~
DTM*472*20241226~
CLP*MMC2024000698*1*21.70*15.50*0*12*CLAIMREF001*11~
CAS*CO*45*6.20~
SVC*HC:80053*21.70*15.50**1~
DTM*472*20241205~
CLP*MMC2024000739*1*14.34*10.24*0*12*CLAIMREF001*11~
CAS*CO*45*4.10~
SVC*HC:85025*14.34*10.24**1~
DTM*472*20241215~
CLP*MMC2024000889*1*36.09*25.78*0*12*CLAIMREF001*11~
CAS*CO*45*10.31~
SVC*HC:93000*36.09*25.78**1~
DTM*472*20241227~
CLP*MMC2024000791*1*15.36*10.97*0*12*CLAIMREF001*11~
CAS*CO*45*4.39~
SVC*HC:85025*15.36*10.97**1~
DTM*472*20241221~
CLP*MMC2024000693*1*24.57*17.55*0*12*CLAIMREF001*11~
CAS*CO*45*7.02~
SVC*HC:80053*24.57*17.55**1~
DTM*472*20241214~
CLP*MMC2024000363*1*302.69*216.21*0*12*CLAIMREF001*11~
CAS*CO*45*86.48~
SVC*HC:99214*302.69*216.21**1~
DTM*472*20241215~
CLP*MMC2024000560*1*340.42*243.16*0*12*CLAIMREF001*11~
CAS*CO*45*97.26~
SVC*HC:99396*340.42*243.16**1~
DTM*472*20241228~
CLP*MMC2024000351*1*292.84*209.17*0*12*CLAIMREF001*11~
CAS*CO*45*83.67~
SVC*HC:99214*292.84*209.17**1~
DTM*472*20241221~
CLP*MMC2024000546*1*338.02*241.44*0*12*CLAIMREF001*11~
CAS*CO*45*96.58~
SVC*HC:99396*338.02*241.44**1~
DTM*472*20241203~
CLP*MMC2024000935*1*17.01*12.15*0*12*CLAIMREF001*11~
CAS*CO*45*4.86~
SVC*HC:36415*17.01*12.15**1~
DTM*472*20241221~
CLP*MMC2024000471*1*332.42*237.44*0*12*CLAIMREF001*11~
CAS*CO*45*94.98~
SVC*HC:99395*332.42*237.44**1~
DTM*472*20241227~
CLP*MMC2024000178*1*213.18*152.27*0*12*CLAIMREF001*11~
CAS*CO*45*60.91~
SVC*HC:99213*213.18*152.27**1~
DTM*472*20241205~
CLP*MMC2024000980*1*20.75*14.82*0*12*CLAIMREF001*11~
CAS*CO*45*5.93~
SVC*HC:36415*20.75*14.82**1~
DTM*472*20241207~
CLP*MMC2024000322*1*260.33*185.95*0*12*CLAIMREF001*11~
CAS*CO*45*74.38~
SVC*HC:99214*260.33*185.95**1~
DTM*472*20241221~
CLP*MMC2024000386*1*270.77*193.41*0*12*CLAIMREF001*11~
CAS*CO*45*77.36~
SVC*HC:99214*270.77*193.41**1~
DTM*472*20241216~
CLP*MMC2024000539*1*354.96*253.54*0*12*CLAIMREF001*11~
CAS*CO*45*101.42~
SVC*HC:99396*354.96*253.54**1~
DTM*472*20241223~
CLP*MMC2024000490*1*319.40*228.14*0*12*CLAIMREF001*11~
CAS*CO*45*91.26~
SVC*HC:99395*319.40*228.14**1~
DTM*472*20241218~
CLP*MMC2024001052*1*142.37*101.69*0*12*CLAIMREF001*11~
CAS*CO*45*40.68~
SVC*HC:99232*142.37*101.69**1~
DTM*472*20241208~
CLP*MMC2024001063*1*150.40*107.43*0*12*CLAIMREF001*11~
CAS*CO*45*42.97~
SVC*HC:99232*150.40*107.43**1~
DTM*472*20241203~
CLP*MMC2024000575*1*363.06*259.33*0*12*CLAIMREF001*11~
CAS*CO*45*103.73~
SVC*HC:99396*363.06*259.33**1~
DTM*472*20241208~
CLP*MMC2024000425*1*286.34*204.53*0*12*CLAIMREF001*11~
CAS*CO*45*81.81~
SVC*HC:99214*286.34*204.53**1~
DTM*472*20241214~
CLP*MMC2024000283*1*219.44*156.74*0*12*CLAIMREF001*11~
CAS*CO*45*62.70~
SVC*HC:99213*219.44*156.74**1~
DTM*472*20241220~
CLP*MMC2024000128*1*217.95*155.68*0*12*CLAIMREF001*11~
CAS*CO*45*62.27~
SVC*HC:99213*217.95*155.68**1~
DTM*472*20241204~
CLP*MMC2024000966*1*17.50*12.50*0*12*CLAIMREF001*11~
CAS*CO*45*5.00~
SVC*HC:36415*17.50*12.50**1~
DTM*472*20241208~
CLP*MMC2024000841*1*14.76*10.54*0*12*CLAIMREF001*11~
CAS*CO*45*4.22~
SVC*HC:85025*14.76*10.54**1~
DTM*472*20241207~
CLP*MMC2024000418*1*282.41*201.72*0*12*CLAIMREF001*11~
CAS*CO*45*80.69~
SVC*HC:99214*282.41*201.72**1~
DTM*472*20241227~
CLP*MMC2024000846*1*39.62*28.30*0*12*CLAIMREF001*11~
CAS*CO*45*11.32~
SVC*HC:93000*39.62*28.30**1~
DTM*472*20241217~
CLP*MMC2024000311*1*294.99*210.71*0*12*CLAIMREF001*11~
CAS*CO*45*84.28~
SVC*HC:99214*294.99*210.71**1~
DTM*472*20241226~
CLP*MMC2024000858*1*37.63*26.88*0*12*CLAIMREF001*11~
CAS*CO*45*10.75~
SVC*HC:93000*37.63*26.88**1~
DTM*472*20241225~
CLP*MMC2024000643*1*21.60*15.43*0*12*CLAIMREF001*11~
CAS*CO*45*6.17~
SVC*HC:80053*21.60*15.43**1~
DTM*472*20241213~
CLP*MMC2024000904*1*19.68*14.06*0*12*CLAIMREF001*11~
CAS*CO*45*5.62~
SVC*HC:36415*19.68*14.06**1~
DTM*472*20241208~
CLP*MMC2024000039*1*5441.90*3887.07*0*12*CLAIMREF001*11~
CAS*CO*45*1554.83~
SVC*HC:27130*5441.90*3887.07**1~
DTM*472*20241206~
CLP*MMC2024000391*1*274.01*195.72*0*12*CLAIMREF001*11~
CAS*CO*45*78.29~
SVC*HC:99214*274.01*195.72**1~
DTM*472*20241219~
CLP*MMC2024000226*1*186.84*133.46*0*12*CLAIMREF001*11~
CAS*CO*45*53.38~
SVC*HC:99213*186.84*133.46**1~
DTM*472*20241209~
CLP*MMC2024000065*1*423.21*302.29*0*12*CLAIMREF001*11~
CAS*CO*45*120.92~
SVC*HC:75571*423.21*302.29**1~
DTM*472*20241218~
CLP*MMC2024000497*1*308.77*220.55*0*12*CLAIMREF001*11~
CAS*CO*45*88.22~
SVC*HC:99395*308.77*220.55**1~
DTM*472*20241214~
CLP*MMC2024000303*1*220.01*157.15*0*12*CLAIMREF001*11~
CAS*CO*45*62.86~
SVC*HC:99213*220.01*157.15**1~
DTM*472*20241219~
CLP*MMC2024000779*1*15.47*11.05*0*12*CLAIMREF001*11~
CAS*CO*45*4.42~
SVC*HC:85025*15.47*11.05**1~
DTM*472*20241224~
CLP*MMC2024000350*1*268.72*191.94*0*12*CLAIMREF001*11~
CAS*CO*45*76.78~
SVC*HC:99214*268.72*191.94**1~
DTM*472*20241219~
CLP*MMC2024000984*1*21.57*15.41*0*12*CLAIMREF001*11~
CAS*CO*45*6.16~
SVC*HC:36415*21.57*15.41**1~
DTM*472*20241215~
CLP*MMC2024000106*1*184.83*132.02*0*12*CLAIMREF001*11~
CAS*CO*45*52.81~
SVC*HC:99213*184.83*132.02**1~
DTM*472*20241202~
CLP*MMC2024000467*1*310.25*221.61*0*12*CLAIMREF001*11~
CAS*CO*45*88.64~
SVC*HC:99395*310.25*221.61**1~
DTM*472*20241225~
CLP*MMC2024000544*1*371.10*265.07*0*12*CLAIMREF001*11~
CAS*CO*45*106.03~
SVC*HC:99396*371.10*265.07**1~
DTM*472*20241225~
CLP*MMC2024000972*1*17.23*12.31*0*12*CLAIMREF001*11~
CAS*CO*45*4.92~
SVC*HC:36415*17.23*12.31**1~
DTM*472*20241205~
CLP*MMC2024000055*1*602.52*430.37*0*12*CLAIMREF001*11~
CAS*CO*45*172.15~
SVC*HC:93306*602.52*430.37**1~
DTM*472*20241214~
CLP*MMC2024000631*1*23.35*16.68*0*12*CLAIMREF001*11~
CAS*CO*45*6.67~
SVC*HC:80053*23.35*16.68**1~
DTM*472*20241224~
CLP*MMC2024000854*1*37.80*27.00*0*12*CLAIMREF001*11~
CAS*CO*45*10.80~
SVC*HC:93000*37.80*27.00**1~
DTM*472*20241206~
CLP*MMC2024000225*1*195.90*139.93*0*12*CLAIMREF001*11~
CAS*CO*45*55.97~
SVC*HC:99213*195.90*139.93**1~
DTM*472*20241201~
CLP*MMC2024000679*1*23.59*16.85*0*12*CLAIMREF001*11~
CAS*CO*45*6.74~
SVC*HC:80053*23.59*16.85**1~
DTM*472*20241215~
CLP*MMC2024000755*1*14.55*10.39*0*12*CLAIMREF001*11~
CAS*CO*45*4.16~
SVC*HC:85025*14.55*10.39**1~
DTM*472*20241218~
CLP*MMC2024000035*1*5165.45*3689.61*0*12*CLAIMREF001*11~
CAS*CO*45*1475.84~
SVC*HC:27130*5165.45*3689.61**1~
DTM*472*20241209~
CLP*MMC2024000973*1*19.77*14.12*0*12*CLAIMREF001*11~
CAS*CO*45*5.65~
SVC*HC:36415*19.77*14.12**1~
DTM*472*20241213~
CLP*MMC2024000614*1*22.15*15.82*0*12*CLAIMREF001*11~
CAS*CO*45*6.33~
SVC*HC:80053*22.15*15.82**1~
DTM*472*20241222~
CLP*MMC2024001004*1*156.45*111.75*0*12*CLAIMREF001*11~
CAS*CO*45*44.70~
SVC*HC:99283*156.45*111.75**1~
DTM*472*20241214~
CLP*MMC2024001044*1*140.14*100.10*0*12*CLAIMREF001*11~
CAS*CO*45*40.04~
SVC*HC:99232*140.14*100.10**1~
DTM*472*20241220~
CLP*MMC2024001039*1*141.57*101.12*0*12*CLAIMREF001*11~
CAS*CO*45*40.45~
SVC*HC:99232*141.57*101.12**1~
DTM*472*20241226~
CLP*MMC2024000689*1*20.24*14.46*0*12*CLAIMREF001*11~
CAS*CO*45*5.78~
SVC*HC:80053*20.24*14.46**1~
DTM*472*20241221~
CLP*MMC2024000613*1*21.08*15.06*0*12*CLAIMREF001*11~
CAS*CO*45*6.02~
SVC*HC:80053*21.08*15.06**1~
DTM*472*20241204~
CLP*MMC2024000805*1*15.89*11.35*0*12*CLAIMREF001*11~
CAS*CO*45*4.54~
SVC*HC:85025*15.89*11.35**1~
DTM*472*20241226~
CLP*MMC2024000333*1*269.99*192.85*0*12*CLAIMREF001*11~
CAS*CO*45*77.14~
SVC*HC:99214*269.99*192.85**1~
DTM*472*20241203~
CLP*MMC2024000653*1*22.71*16.22*0*12*CLAIMREF001*11~
CAS*CO*45*6.49~
SVC*HC:80053*22.71*16.22**1~
DTM*472*20241219~
CLP*MMC2024000672*1*19.84*14.17*0*12*CLAIMREF001*11~
CAS*CO*45*5.67~
SVC*HC:80053*19.84*14.17**1~
DTM*472*20241226~
CLP*MMC2024000287*1*213.23*152.31*0*12*CLAIMREF001*11~
CAS*CO*45*60.92~
SVC*HC:99213*213.23*152.31**1~
DTM*472*20241216~
CLP*MMC2024001056*1*141.69*101.21*0*12*CLAIMREF001*11~
CAS*CO*45*40.48~
SVC*HC:99232*141.69*101.21**1~
DTM*472*20241228~
CLP*MMC2024000306*1*287.21*205.15*0*12*CLAIMREF001*11~
CAS*CO*45*82.06~
SVC*HC:99214*287.21*205.15**1~
DTM*472*20241216~
CLP*MMC2024000936*1*17.86*12.76*0*12*CLAIMREF001*11~
CAS*CO*45*5.10~
SVC*HC:36415*17.86*12.76**1~
DTM*472*20241212~
CLP*MMC2024001064*1*166.08*118.63*0*12*CLAIMREF001*11~
CAS*CO*45*47.45~
SVC*HC:99232*166.08*118.63**1~
DTM*472*20241217~
CLP*MMC2024000971*1*18.89*13.49*0*12*CLAIMREF001*11~
CAS*CO*45*5.40~
SVC*HC:36415*18.89*13.49**1~
DTM*472*20241225~
CLP*MMC2024000683*1*23.10*16.50*0*12*CLAIMREF001*11~
CAS*CO*45*6.60~
SVC*HC:80053*23.10*16.50**1~
DTM*472*20241219~
CLP*MMC2024000281*1*204.30*145.93*0*12*CLAIMREF001*11~
CAS*CO*45*58.37~
SVC*HC:99213*204.30*145.93**1~
DTM*472*20241218~
CLP*MMC2024000080*1*955.75*682.68*0*12*CLAIMREF001*11~
CAS*CO*45*273.07~
SVC*HC:93350*955.75*682.68**1~
DTM*472*20241225~
CLP*MMC2024000093*1*382.79*273.42*0*12*CLAIMREF001*11~
CAS*CO*45*109.37~
SVC*HC:20610*382.79*273.42**1~
DTM*472*20241228~
CLP*MMC2024000083*1*2798.73*1999.09*0*12*CLAIMREF001*11~
CAS*CO*45*799.64~
SVC*HC:75574*2798.73*1999.09**1~
DTM*472*20241212~
CLP*MMC2024001025*1*137.58*98.27*0*12*CLAIMREF001*11~
CAS*CO*45*39.31~
SVC*HC:99283*137.58*98.27**1~
DTM*472*20241221~
CLP*MMC2024000823*1*15.62*11.16*0*12*CLAIMREF001*11~
CAS*CO*45*4.46~
SVC*HC:85025*15.62*11.16**1~
DTM*472*20241209~
CLP*MMC2024001043*1*147.55*105.39*0*12*CLAIMREF001*11~
CAS*CO*45*42.16~
SVC*HC:99232*147.55*105.39**1~
DTM*472*20241215~
CLP*MMC2024000408*1*259.70*185.50*0*12*CLAIMREF001*11~
CAS*CO*45*74.20~
SVC*HC:99214*259.70*185.50**1~
DTM*472*20241218~
CLP*MMC2024000296*1*185.39*132.42*0*12*CLAIMREF001*11~
CAS*CO*45*52.97~
SVC*HC:99213*185.39*132.42**1~
DTM*472*20241205~
CLP*MMC2024000749*1*14.22*10.16*0*12*CLAIMREF001*11~
CAS*CO*45*4.06~
SVC*HC:85025*14.22*10.16**1~
DTM*472*20241207~
CLP*MMC2024000695*1*21.83*15.59*0*12*CLAIMREF001*11~
CAS*CO*45*6.24~
SVC*HC:80053*21.83*15.59**1~
DTM*472*20241224~
SE*4344*0001~
GE*1*1~
IEA*1*000000001~
