ISA*00*          *00*          *ZZ*BC1234         *ZZ*520123456      *260312*0949*^*00501*000000001*0*T*:~
GS*HP*BC1234*520123456*20240630*0949*1*X*005010X221A1~
ST*835*0001~
BPR*I*0*C*ACH*CCP*01*021000021*DA*123456789*BC1234**01*021000021*DA*987654321*20240715~
TRN*1*TRACE00001*1021000021~
DTM*405*20240630~
N1*PR*BlueCross Maryland~
N3*PO BOX 12345~
N4*BALTIMORE*MD*21202~
N1*PE*Chesapeake Family Medicine*XX*1234567890~
N3*100 HARBOR VIEW DR~
N4*BALTIMORE*MD*21201~
CLP*384722844793*1*199.89*142.78*57.11*MC*CLAIM000000~
NM1*QC*1*MOORE*LISA****MI*MBR838260~
SVC*HC:99203*199.89*142.78**1~
DTM*472*20240619~
CAS*CO*45*57.11~
CLP*798658976471*1*277.54*198.24*79.3*MC*CLAIM000001~
NM1*QC*1*JACKSON*AMANDA****MI*MBR443007~
SVC*HC:99204*277.54*198.24**1~
DTM*472*20240625~
CAS*CO*45*79.3~
CLP*459427792575*1*199.89*142.78*57.11*MC*CLAIM000002~
NM1*QC*1*WHITE*WILLIAM****MI*MBR839410~
SVC*HC:99203*199.89*142.78**1~
DTM*472*20240314~
CAS*CO*45*57.11~
CLP*324813399416*1*274.23*195.88*78.35*MC*CLAIM000003~
NM1*QC*1*MILLER*JENNIFER****MI*MBR238422~
SVC*HC:99396*274.23*195.88**1~
DTM*472*20240215~
CAS*CO*45*78.35~
CLP*184221266486*1*160.24*114.46*45.78*MC*CLAIM000004~
NM1*QC*1*ANDERSON*PATRICIA****MI*MBR535059~
SVC*HC:99213*160.24*114.46**1~
DTM*472*20240127~
CAS*CO*45*45.78~
CLP*575487183780*1*79.3*56.64*22.66*MC*CLAIM000005~
NM1*QC*1*DAVIS*ROBERT****MI*MBR810956~
SVC*HC:99441*79.3*56.64**1~
DTM*472*20240305~
CAS*CO*45*22.66~
CLP*189605257111*1*274.23*195.88*78.35*MC*CLAIM000006~
NM1*QC*1*WILLIAMS*SARAH****MI*MBR723032~
SVC*HC:99396*274.23*195.88**1~
DTM*472*20240117~
CAS*CO*45*78.35~
CLP*531006662211*1*227.98*162.84*65.14*MC*CLAIM000007~
NM1*QC*1*ANDERSON*PATRICIA****MI*MBR428898~
SVC*HC:99214*227.98*162.84**1~
DTM*472*20240506~
CAS*CO*45*65.14~
CLP*848851231140*1*29.74*21.24*8.5*MC*CLAIM000008~
NM1*QC*1*THOMAS*CHRISTOPHER****MI*MBR451636~
SVC*HC:80053*29.74*21.24**1~
DTM*472*20240626~
CAS*CO*45*8.5~
CLP*244840399272*1*18.17*10.58*7.59*MC*CLAIM000009~
NM1*QC*1*WHITE*WILLIAM****MI*MBR212711~
SVC*HC:85025*18.17*10.58**1~
DTM*472*20240602~
CAS*CO*45*7.59~
CLP*839434443013*1*227.98*137.84*90.14*MC*CLAIM000010~
NM1*QC*1*MARTIN*DANIEL****MI*MBR767597~
SVC*HC:99214*227.98*137.84**1~
DTM*472*20240201~
CAS*PR*2*90.14~
CLP*992381511564*1*29.74*17.12*12.62*MC*CLAIM000011~
NM1*QC*1*THOMAS*CHRISTOPHER****MI*MBR267123~
SVC*HC:80053*29.74*17.12**1~
DTM*472*20240126~
CAS*CO*45*12.62~
CLP*451629285413*1*21.48*15.34*6.14*MC*CLAIM000012~
NM1*QC*1*GARCIA*MARIA****MI*MBR395344~
SVC*HC:36415*21.48*15.34**1~
DTM*472*20240519~
CAS*CO*45*6.14~
CLP*752694528241*1*21.48*15.34*6.14*MC*CLAIM000013~
NM1*QC*1*GARCIA*MARIA****MI*MBR431684~
SVC*HC:36415*21.48*15.34**1~
DTM*472*20240214~
CAS*CO*45*6.14~
CLP*422579994306*1*227.98*162.84*65.14*MC*CLAIM000014~
NM1*QC*1*WHITE*WILLIAM****MI*MBR829086~
SVC*HC:99214*227.98*162.84**1~
DTM*472*20240508~
CAS*CO*45*65.14~
CLP*179728765981*1*29.74*21.24*8.5*MC*CLAIM000015~
NM1*QC*1*WILLIAMS*SARAH****MI*MBR848610~
SVC*HC:80053*29.74*21.24**1~
DTM*472*20240511~
CAS*CO*45*8.5~
CLP*513980722889*1*14.87*10.62*4.25*MC*CLAIM000016~
NM1*QC*1*WILLIAMS*SARAH****MI*MBR504039~
SVC*HC:82947*14.87*10.62**1~
DTM*472*20240104~
CAS*CO*45*4.25~
CLP*757021258281*1*18.17*11.43*6.74*MC*CLAIM000017~
NM1*QC*1*MILLER*JENNIFER****MI*MBR549352~
SVC*HC:85025*18.17*11.43**1~
DTM*472*20240321~
CAS*CO*45*6.74~
CLP*669501742859*1*274.23*195.88*78.35*MC*CLAIM000018~
NM1*QC*1*THOMAS*CHRISTOPHER****MI*MBR777867~
SVC*HC:99396*274.23*195.88**1~
DTM*472*20240301~
CAS*CO*45*78.35~
CLP*653159514307*1*21.48*15.34*6.14*MC*CLAIM000019~
NM1*QC*1*BROWN*DAVID****MI*MBR543636~
SVC*HC:36415*21.48*15.34**1~
DTM*472*20240616~
CAS*CO*45*6.14~
CLP*425726353202*1*227.98*162.84*65.14*MC*CLAIM000020~
NM1*QC*1*JACKSON*AMANDA****MI*MBR862705~
SVC*HC:99214*227.98*162.84**1~
DTM*472*20240616~
CAS*CO*45*65.14~
CLP*067230033124*1*49.56*10.4*39.16*MC*CLAIM000021~
NM1*QC*1*DAVIS*ROBERT****MI*MBR152525~
SVC*HC:93000*49.56*10.4**1~
DTM*472*20240311~
CAS*PR*2*39.16~
CLP*461034236375*1*274.23*195.88*78.35*MC*CLAIM000022~
NM1*QC*1*THOMAS*CHRISTOPHER****MI*MBR946070~
SVC*HC:99396*274.23*195.88**1~
DTM*472*20240402~
CAS*CO*45*78.35~
CLP*994947989868*4*227.98*0*227.98*MC*CLAIM000023~
NM1*QC*1*GARCIA*MARIA****MI*MBR381016~
SVC*HC:99214*227.98*0**1~
DTM*472*20240117~
CAS*CO*4*227.98~
CLP*845879967369*1*21.48*15.34*6.14*MC*CLAIM000024~
NM1*QC*1*THOMAS*CHRISTOPHER****MI*MBR119419~
SVC*HC:36415*21.48*15.34**1~
DTM*472*20240111~
CAS*CO*45*6.14~
CLP*821128209829*1*323.79*231.28*92.51*MC*CLAIM000025~
NM1*QC*1*BROWN*DAVID****MI*MBR476535~
SVC*HC:99215*323.79*231.28**1~
DTM*472*20240201~
CAS*CO*45*92.51~
CLP*208554776182*1*323.79*231.28*92.51*MC*CLAIM000026~
NM1*QC*1*TAYLOR*JAMES****MI*MBR103188~
SVC*HC:99215*323.79*231.28**1~
DTM*472*20240112~
CAS*CO*45*92.51~
CLP*207470008627*1*29.74*21.24*8.5*MC*CLAIM000027~
NM1*QC*1*MILLER*JENNIFER****MI*MBR342409~
SVC*HC:80053*29.74*21.24**1~
DTM*472*20240105~
CAS*CO*45*8.5~
CLP*775886727109*1*227.98*162.84*65.14*MC*CLAIM000028~
NM1*QC*1*ANDERSON*PATRICIA****MI*MBR860614~
SVC*HC:99214*227.98*162.84**1~
DTM*472*20240614~
CAS*CO*45*65.14~
CLP*363451221160*1*274.23*195.88*78.35*MC*CLAIM000029~
NM1*QC*1*THOMAS*CHRISTOPHER****MI*MBR617576~
SVC*HC:99396*274.23*195.88**1~
DTM*472*20240614~
CAS*CO*45*78.35~
CLP*637544835858*1*227.98*162.84*65.14*MC*CLAIM000030~
NM1*QC*1*BROWN*DAVID****MI*MBR333090~
SVC*HC:99214*227.98*162.84**1~
DTM*472*20240404~
CAS*CO*45*65.14~
CLP*339682265997*1*14.87*10.62*4.25*MC*CLAIM000031~
NM1*QC*1*JOHNSON*MICHAEL****MI*MBR461985~
SVC*HC:82947*14.87*10.62**1~
DTM*472*20240617~
CAS*CO*45*4.25~
CLP*924224916427*1*79.3*56.64*22.66*MC*CLAIM000032~
NM1*QC*1*MOORE*LISA****MI*MBR921984~
SVC*HC:99441*79.3*56.64**1~
DTM*472*20240301~
CAS*CO*45*22.66~
CLP*428712195383*1*160.24*114.46*45.78*MC*CLAIM000033~
NM1*QC*1*WILLIAMS*SARAH****MI*MBR842866~
SVC*HC:99213*160.24*114.46**1~
DTM*472*20240522~
CAS*CO*45*45.78~
CLP*070412095698*4*274.23*0*274.23*MC*CLAIM000034~
NM1*QC*1*MOORE*LISA****MI*MBR295921~
SVC*HC:99396*274.23*0**1~
DTM*472*20240415~
CAS*CO*4*274.23~
CLP*886440783908*1*227.98*162.84*65.14*MC*CLAIM000035~
NM1*QC*1*JOHNSON*MICHAEL****MI*MBR879859~
SVC*HC:99214*227.98*162.84**1~
DTM*472*20240508~
CAS*CO*45*65.14~
CLP*240768686952*4*49.56*0*49.56*MC*CLAIM000036~
NM1*QC*1*MILLER*JENNIFER****MI*MBR275620~
SVC*HC:93000*49.56*0**1~
DTM*472*20240418~
CAS*CO*97*49.56~
CLP*809662369062*1*160.24*114.46*45.78*MC*CLAIM000037~
NM1*QC*1*WILSON*THOMAS****MI*MBR883880~
SVC*HC:99213*160.24*114.46**1~
DTM*472*20240208~
CAS*CO*45*45.78~
CLP*022481507444*1*160.24*114.46*45.78*MC*CLAIM000038~
NM1*QC*1*THOMAS*CHRISTOPHER****MI*MBR165544~
SVC*HC:99213*160.24*114.46**1~
DTM*472*20240508~
CAS*CO*45*45.78~
CLP*660563906630*4*274.23*0*274.23*MC*CLAIM000039~
NM1*QC*1*WHITE*WILLIAM****MI*MBR291432~
SVC*HC:99396*274.23*0**1~
DTM*472*20240227~
CAS*PR*1*274.23~
CLP*230346009801*1*274.23*195.88*78.35*MC*CLAIM000040~
NM1*QC*1*GARCIA*MARIA****MI*MBR297955~
SVC*HC:99396*274.23*195.88**1~
DTM*472*20240624~
CAS*CO*45*78.35~
CLP*004053236099*1*160.24*114.46*45.78*MC*CLAIM000041~
NM1*QC*1*BROWN*DAVID****MI*MBR664575~
SVC*HC:99213*160.24*114.46**1~
DTM*472*20240628~
CAS*CO*45*45.78~
CLP*904701884777*1*160.24*114.46*45.78*MC*CLAIM000042~
NM1*QC*1*WILLIAMS*SARAH****MI*MBR981208~
SVC*HC:99213*160.24*114.46**1~
DTM*472*20240111~
CAS*CO*45*45.78~
CLP*317167190527*1*14.87*10.62*4.25*MC*CLAIM000043~
NM1*QC*1*MOORE*LISA****MI*MBR566269~
SVC*HC:82947*14.87*10.62**1~
DTM*472*20240113~
CAS*CO*45*4.25~
CLP*998312029962*1*289.1*206.5*82.6*MC*CLAIM000044~
NM1*QC*1*MARTIN*DANIEL****MI*MBR885723~
SVC*HC:G0439*289.1*206.5**1~
DTM*472*20240128~
CAS*CO*45*82.6~
CLP*376841444060*1*160.24*114.46*45.78*MC*CLAIM000045~
NM1*QC*1*MOORE*LISA****MI*MBR278759~
SVC*HC:99213*160.24*114.46**1~
DTM*472*20240104~
CAS*CO*45*45.78~
CLP*447989309598*1*21.48*15.34*6.14*MC*CLAIM000046~
NM1*QC*1*HARRIS*ELIZABETH****MI*MBR408236~
SVC*HC:36415*21.48*15.34**1~
DTM*472*20240504~
CAS*CO*45*6.14~
CLP*934074409737*1*79.3*56.64*22.66*MC*CLAIM000047~
NM1*QC*1*MARTIN*DANIEL****MI*MBR111485~
SVC*HC:99441*79.3*56.64**1~
DTM*472*20240403~
CAS*CO*45*22.66~
CLP*856200007005*1*21.48*15.34*6.14*MC*CLAIM000048~
NM1*QC*1*JOHNSON*MICHAEL****MI*MBR995372~
SVC*HC:36415*21.48*15.34**1~
DTM*472*20240622~
CAS*CO*45*6.14~
CLP*437286006410*1*227.98*162.84*65.14*MC*CLAIM000049~
NM1*QC*1*MOORE*LISA****MI*MBR292399~
SVC*HC:99214*227.98*162.84**1~
DTM*472*20240618~
CAS*CO*45*65.14~
CLP*329707400327*1*199.89*142.78*57.11*MC*CLAIM000050~
NM1*QC*1*MARTIN*DANIEL****MI*MBR608688~
SVC*HC:99203*199.89*142.78**1~
DTM*472*20240203~
CAS*CO*45*57.11~
CLP*776832375465*1*323.79*231.28*92.51*MC*CLAIM000051~
NM1*QC*1*MARTIN*DANIEL****MI*MBR852354~
SVC*HC:99215*323.79*231.28**1~
DTM*472*20240126~
CAS*CO*45*92.51~
CLP*025913965639*1*227.98*162.84*65.14*MC*CLAIM000052~
NM1*QC*1*BROWN*DAVID****MI*MBR219652~
SVC*HC:99214*227.98*162.84**1~
DTM*472*20240513~
CAS*CO*45*65.14~
CLP*757341389346*1*29.74*21.24*8.5*MC*CLAIM000053~
NM1*QC*1*GARCIA*MARIA****MI*MBR975471~
SVC*HC:80053*29.74*21.24**1~
DTM*472*20240111~
CAS*CO*45*8.5~
CLP*237157928170*4*21.48*-24.66*46.14*MC*CLAIM000054~
NM1*QC*1*GARCIA*MARIA****MI*MBR322399~
SVC*HC:36415*21.48*-24.66**1~
DTM*472*20240222~
CAS*PR*2*46.14~
N1*PR*Aetna Mid-Atlantic~
N3*PO BOX 67890~
N4*COLUMBIA*MD*21046~
CLP*049409790310*4*29.74*0*29.74*MC*CLAIM000055~
NM1*QC*1*GARCIA*MARIA****MI*MBR461764~
SVC*HC:80053*29.74*0**1~
DTM*472*20240311~
CAS*PR*1*29.74~
CLP*677148060338*1*199.89*142.78*57.11*MC*CLAIM000056~
NM1*QC*1*BROWN*DAVID****MI*MBR883476~
SVC*HC:99203*199.89*142.78**1~
DTM*472*20240312~
CAS*CO*45*57.11~
CLP*505506356261*1*323.79*231.28*92.51*MC*CLAIM000057~
NM1*QC*1*DAVIS*ROBERT****MI*MBR295467~
SVC*HC:99215*323.79*231.28**1~
DTM*472*20240414~
CAS*CO*45*92.51~
CLP*192666766016*4*79.3*0*79.3*MC*CLAIM000058~
NM1*QC*1*WILSON*THOMAS****MI*MBR408008~
SVC*HC:99441*79.3*0**1~
DTM*472*20240602~
CAS*CO*97*79.3~
CLP*103093128936*1*289.1*206.5*82.6*MC*CLAIM000059~
NM1*QC*1*TAYLOR*JAMES****MI*MBR363379~
SVC*HC:G0439*289.1*206.5**1~
DTM*472*20240516~
CAS*CO*45*82.6~
CLP*681047291590*1*277.54*198.24*79.3*MC*CLAIM000060~
NM1*QC*1*MILLER*JENNIFER****MI*MBR995632~
SVC*HC:99204*277.54*198.24**1~
DTM*472*20240603~
CAS*CO*45*79.3~
CLP*795368684969*1*21.48*15.34*6.14*MC*CLAIM000061~
NM1*QC*1*GARCIA*MARIA****MI*MBR749093~
SVC*HC:36415*21.48*15.34**1~
DTM*472*20240420~
CAS*CO*45*6.14~
CLP*320517657078*1*323.79*200.13*123.66*MC*CLAIM000062~
NM1*QC*1*WHITE*WILLIAM****MI*MBR965386~
SVC*HC:99215*323.79*200.13**1~
DTM*472*20240504~
CAS*CO*45*123.66~
CLP*385306866908*1*274.23*195.88*78.35*MC*CLAIM000063~
NM1*QC*1*BROWN*DAVID****MI*MBR341153~
SVC*HC:99396*274.23*195.88**1~
DTM*472*20240525~
CAS*CO*45*78.35~
CLP*038442553667*1*289.1*206.5*82.6*MC*CLAIM000064~
NM1*QC*1*WILLIAMS*SARAH****MI*MBR178748~
SVC*HC:G0439*289.1*206.5**1~
DTM*472*20240309~
CAS*CO*45*82.6~
CLP*219469518231*1*29.74*21.24*8.5*MC*CLAIM000065~
NM1*QC*1*WILLIAMS*SARAH****MI*MBR954844~
SVC*HC:80053*29.74*21.24**1~
DTM*472*20240518~
CAS*CO*45*8.5~
CLP*896922672305*1*289.1*206.5*82.6*MC*CLAIM000066~
NM1*QC*1*MILLER*JENNIFER****MI*MBR316863~
SVC*HC:G0439*289.1*206.5**1~
DTM*472*20240205~
CAS*CO*45*82.6~
CLP*719015256987*1*323.79*231.28*92.51*MC*CLAIM000067~
NM1*QC*1*BROWN*DAVID****MI*MBR633216~
SVC*HC:99215*323.79*231.28**1~
DTM*472*20240101~
CAS*CO*45*92.51~
CLP*154469751154*4*227.98*0*227.98*MC*CLAIM000068~
NM1*QC*1*THOMAS*CHRISTOPHER****MI*MBR757369~
SVC*HC:99214*227.98*0**1~
DTM*472*20240322~
CAS*CO*45*227.98~
CLP*270019910636*1*227.98*162.84*65.14*MC*CLAIM000069~
NM1*QC*1*ANDERSON*PATRICIA****MI*MBR746454~
SVC*HC:99214*227.98*162.84**1~
DTM*472*20240205~
CAS*CO*45*65.14~
CLP*286094270738*4*323.79*0*323.79*MC*CLAIM000070~
NM1*QC*1*BROWN*DAVID****MI*MBR663984~
SVC*HC:99215*323.79*0**1~
DTM*472*20240504~
CAS*CO*45*323.79~
CLP*312806599197*1*21.48*15.34*6.14*MC*CLAIM000071~
NM1*QC*1*GARCIA*MARIA****MI*MBR743237~
SVC*HC:36415*21.48*15.34**1~
DTM*472*20240605~
CAS*CO*45*6.14~
CLP*124237006715*1*160.24*114.46*45.78*MC*CLAIM000072~
NM1*QC*1*HARRIS*ELIZABETH****MI*MBR868617~
SVC*HC:99213*160.24*114.46**1~
DTM*472*20240508~
CAS*CO*45*45.78~
CLP*461949918257*1*323.79*200.3*123.49*MC*CLAIM000073~
NM1*QC*1*GARCIA*MARIA****MI*MBR160400~
SVC*HC:99215*323.79*200.3**1~
DTM*472*20240102~
CAS*CO*45*123.49~
CLP*717927574672*1*199.89*142.78*57.11*MC*CLAIM000074~
NM1*QC*1*WILSON*THOMAS****MI*MBR441382~
SVC*HC:99203*199.89*142.78**1~
DTM*472*20240410~
CAS*CO*45*57.11~
CLP*712845103920*1*21.48*15.34*6.14*MC*CLAIM000075~
NM1*QC*1*MOORE*LISA****MI*MBR605853~
SVC*HC:36415*21.48*15.34**1~
DTM*472*20240504~
CAS*CO*45*6.14~
CLP*409404967196*1*160.24*114.46*45.78*MC*CLAIM000076~
NM1*QC*1*GARCIA*MARIA****MI*MBR177485~
SVC*HC:99213*160.24*114.46**1~
DTM*472*20240225~
CAS*CO*45*45.78~
CLP*266404321254*1*308.92*195.97*112.95*MC*CLAIM000077~
NM1*QC*1*JOHNSON*MICHAEL****MI*MBR422033~
SVC*HC:99397*308.92*195.97**1~
DTM*472*20240215~
CAS*CO*45*112.95~
CLP*845287216561*1*18.17*10.68*7.49*MC*CLAIM000078~
NM1*QC*1*MARTIN*DANIEL****MI*MBR956512~
SVC*HC:85025*18.17*10.68**1~
DTM*472*20240105~
CAS*CO*45*7.49~
CLP*848978305676*4*308.92*0*308.92*MC*CLAIM000079~
NM1*QC*1*JACKSON*AMANDA****MI*MBR479907~
SVC*HC:99397*308.92*0**1~
DTM*472*20240414~
CAS*CO*4*308.92~
CLP*410533184724*1*160.24*114.46*45.78*MC*CLAIM000080~
NM1*QC*1*ANDERSON*PATRICIA****MI*MBR132121~
SVC*HC:99213*160.24*114.46**1~
DTM*472*20240616~
CAS*CO*45*45.78~
CLP*673883418616*4*323.79*0*323.79*MC*CLAIM000081~
NM1*QC*1*BROWN*DAVID****MI*MBR441440~
SVC*HC:99215*323.79*0**1~
DTM*472*20240506~
CAS*PR*1*323.79~
CLP*878249740652*1*160.24*96.6*63.64*MC*CLAIM000082~
NM1*QC*1*WILSON*THOMAS****MI*MBR757093~
SVC*HC:99213*160.24*96.6**1~
DTM*472*20240324~
CAS*CO*45*63.64~
CLP*548052957784*1*277.54*198.24*79.3*MC*CLAIM000083~
NM1*QC*1*WILSON*THOMAS****MI*MBR702284~
SVC*HC:99204*277.54*198.24**1~
DTM*472*20240524~
CAS*CO*45*79.3~
CLP*153626604047*1*160.24*114.46*45.78*MC*CLAIM000084~
NM1*QC*1*JOHNSON*MICHAEL****MI*MBR822612~
SVC*HC:99213*160.24*114.46**1~
DTM*472*20240518~
CAS*CO*45*45.78~
CLP*467028841130*1*49.56*29.27*20.29*MC*CLAIM000085~
NM1*QC*1*TAYLOR*JAMES****MI*MBR717369~
SVC*HC:93000*49.56*29.27**1~
DTM*472*20240526~
CAS*CO*45*20.29~
CLP*040866469622*1*323.79*231.28*92.51*MC*CLAIM000086~
NM1*QC*1*MARTIN*DANIEL****MI*MBR848633~
SVC*HC:99215*323.79*231.28**1~
DTM*472*20240408~
CAS*CO*45*92.51~
CLP*887936450618*1*21.48*15.34*6.14*MC*CLAIM000087~
NM1*QC*1*TAYLOR*JAMES****MI*MBR690525~
SVC*HC:36415*21.48*15.34**1~
DTM*472*20240109~
CAS*CO*45*6.14~
CLP*584089688467*1*274.23*195.88*78.35*MC*CLAIM000088~
NM1*QC*1*GARCIA*MARIA****MI*MBR975324~
SVC*HC:99396*274.23*195.88**1~
DTM*472*20240125~
CAS*CO*45*78.35~
CLP*985088730403*1*160.24*114.46*45.78*MC*CLAIM000089~
NM1*QC*1*TAYLOR*JAMES****MI*MBR514036~
SVC*HC:99213*160.24*114.46**1~
DTM*472*20240306~
CAS*CO*45*45.78~
SE*466*0001~
GE*1*1~
IEA*1*000000001~