ISA*00*          *00*          *ZZ*BC1234         *ZZ*520123456      *240715*0930*^*00501*000000001*0*T*:~
GS*HP*BC1234*520123456*20240630*0930*1*X*005010X221A1~
ST*835*0001~
BPR*I*0*C*ACH*CCP*01*021000021*DA*123456789*BC1234**01*021000021*DA*987654321*20240715~
TRN*1*TRACE00001*1021000021~
DTM*405*20240630~
N1*PR*BlueCross Maryland~
N3*PO BOX 12345~
N4*BALTIMORE*MD*21202~
N1*PE*Chesapeake Family Medicine*XX*1234567890~
N3*100 HARBOR VIEW DR~
N4*BALTIMORE*MD*21201~
CLP*CFM240601001*1*275.00*105.00*170.00*MC*BCM00001~
NM1*QC*1*JOHNSON*MICHAEL****MI*MBR100201~
SVC*HC:99213*275.00*105.00**1~
DTM*472*20240603~
CAS*CO*45*170.00~
CLP*CFM240602002*1*275.00*103.00*172.00*MC*BCM00002~
NM1*QC*1*WILLIAMS*SARAH****MI*MBR100202~
SVC*HC:99213*275.00*103.00**1~
DTM*472*20240605~
CAS*CO*45*172.00~
CLP*CFM240603003*1*275.00*107.00*168.00*MC*BCM00003~
NM1*QC*1*BROWN*DAVID****MI*MBR100203~
SVC*HC:99213*275.00*107.00**1~
DTM*472*20240607~
CAS*CO*45*168.00~
CLP*CFM240604004*1*275.00*102.00*173.00*MC*BCM00004~
NM1*QC*1*GARCIA*MARIA****MI*MBR100204~
SVC*HC:99213*275.00*102.00**1~
DTM*472*20240610~
CAS*CO*45*173.00~
CLP*CFM240605005*1*275.00*106.00*169.00*MC*BCM00005~
NM1*QC*1*DAVIS*ROBERT****MI*MBR100205~
SVC*HC:99213*275.00*106.00**1~
DTM*472*20240612~
CAS*CO*45*169.00~
CLP*CFM240606006*1*275.00*104.00*171.00*MC*BCM00006~
NM1*QC*1*MILLER*JENNIFER****MI*MBR100206~
SVC*HC:99213*275.00*104.00**1~
DTM*472*20240614~
CAS*CO*45*171.00~
CLP*CFM240607007*1*400.00*148.00*252.00*MC*BCM00007~
NM1*QC*1*WILSON*THOMAS****MI*MBR100207~
SVC*HC:99214*400.00*148.00**1~
DTM*472*20240604~
CAS*CO*45*252.00~
CLP*CFM240608008*1*400.00*150.00*250.00*MC*BCM00008~
NM1*QC*1*MOORE*LISA****MI*MBR100208~
SVC*HC:99214*400.00*150.00**1~
DTM*472*20240611~
CAS*CO*45*250.00~
CLP*CFM240609009*1*550.00*210.00*340.00*MC*BCM00009~
NM1*QC*1*TAYLOR*JAMES****MI*MBR100209~
SVC*HC:99215*550.00*210.00**1~
DTM*472*20240606~
CAS*CO*45*340.00~
CLP*CFM240610010*1*380.00*178.00*202.00*MC*BCM00010~
NM1*QC*1*ANDERSON*PATRICIA****MI*MBR100210~
SVC*HC:99396*380.00*178.00**1~
DTM*472*20240618~
CAS*CO*45*202.00~
CLP*CFM240611011*1*45.00*14.00*31.00*MC*BCM00011~
NM1*QC*1*THOMAS*CHRISTOPHER****MI*MBR100211~
SVC*HC:36415*45.00*14.00**1~
DTM*472*20240603~
CAS*CO*45*31.00~
CLP*CFM240612012*1*45.00*14.50*30.50*MC*BCM00012~
NM1*QC*1*JACKSON*AMANDA****MI*MBR100212~
SVC*HC:36415*45.00*14.50**1~
DTM*472*20240610~
CAS*CO*45*30.50~
CLP*CFM240613013*1*65.00*19.50*45.50*MC*BCM00013~
NM1*QC*1*WHITE*WILLIAM****MI*MBR100213~
SVC*HC:80053*65.00*19.50**1~
DTM*472*20240605~
CAS*CO*45*45.50~
CLP*CFM240614014*1*65.00*20.00*45.00*MC*BCM00014~
NM1*QC*1*HARRIS*ELIZABETH****MI*MBR100214~
SVC*HC:80053*65.00*20.00**1~
DTM*472*20240612~
CAS*CO*45*45.00~
CLP*CFM240615015*1*40.00*12.00*28.00*MC*BCM00015~
NM1*QC*1*MARTIN*DANIEL****MI*MBR100215~
SVC*HC:85025*40.00*12.00**1~
DTM*472*20240617~
CAS*CO*45*28.00~
CLP*CFM240616016*1*85.00*33.00*52.00*MC*BCM00016~
NM1*QC*1*JOHNSON*MICHAEL****MI*MBR100201~
SVC*HC:93000*85.00*33.00**1~
DTM*472*20240619~
CAS*CO*45*52.00~
CLP*CFM240617017*1*120.00*52.00*68.00*MC*BCM00017~
NM1*QC*1*WILLIAMS*SARAH****MI*MBR100202~
SVC*HC:99441*120.00*52.00**1~
DTM*472*20240620~
CAS*CO*45*68.00~
CLP*CFM240618018*1*380.00*174.00*206.00*MC*BCM00018~
NM1*QC*1*BROWN*DAVID****MI*MBR100203~
SVC*HC:99396*380.00*174.00**1~
DTM*472*20240624~
CAS*CO*45*206.00~
CLP*CFM240619019*1*550.00*135.00*415.00*MC*BCM00019~
NM1*QC*1*GARCIA*MARIA****MI*MBR100204~
SVC*HC:99215*550.00*135.00**1~
DTM*472*20240613~
CAS*CO*45*415.00~
CLP*CFM240620020*1*400.00*90.00*310.00*MC*BCM00020~
NM1*QC*1*DAVIS*ROBERT****MI*MBR100205~
SVC*HC:99214*400.00*90.00**1~
DTM*472*20240617~
CAS*CO*45*310.00~
CLP*CFM240621021*1*450.00*110.00*340.00*MC*BCM00021~
NM1*QC*1*MILLER*JENNIFER****MI*MBR100206~
SVC*HC:G0439*450.00*110.00**1~
DTM*472*20240621~
CAS*CO*45*340.00~
CLP*CFM240622022*1*380.00*100.00*280.00*MC*BCM00022~
NM1*QC*1*WILSON*THOMAS****MI*MBR100207~
SVC*HC:99396*380.00*100.00**1~
DTM*472*20240625~
CAS*CO*45*280.00~
CLP*CFM240623023*4*750.00*0*750.00*MC*BCM00023~
NM1*QC*1*MOORE*LISA****MI*MBR100208~
SVC*HC:99215*750.00*0**1~
DTM*472*20240604~
CAS*CO*97*750.00~
CLP*CFM240624024*4*720.00*0*720.00*MC*BCM00024~
NM1*QC*1*TAYLOR*JAMES****MI*MBR100209~
SVC*HC:99215*720.00*0**1~
DTM*472*20240611~
CAS*CO*4*720.00~
CLP*CFM240625025*4*695.00*0*695.00*MC*BCM00025~
NM1*QC*1*ANDERSON*PATRICIA****MI*MBR100210~
SVC*HC:99215*695.00*0**1~
DTM*472*20240618~
CAS*CO*97*695.00~
CLP*CFM240626026*4*550.00*0*550.00*MC*BCM00026~
NM1*QC*1*THOMAS*CHRISTOPHER****MI*MBR100211~
SVC*HC:99214*550.00*0**1~
DTM*472*20240606~
CAS*CO*4*550.00~
CLP*CFM240627027*4*530.00*0*530.00*MC*BCM00027~
NM1*QC*1*JACKSON*AMANDA****MI*MBR100212~
SVC*HC:99214*530.00*0**1~
DTM*472*20240613~
CAS*CO*97*530.00~
CLP*CFM240628028*4*510.00*0*510.00*MC*BCM00028~
NM1*QC*1*WHITE*WILLIAM****MI*MBR100213~
SVC*HC:99214*510.00*0**1~
DTM*472*20240620~
CAS*CO*50*510.00~
CLP*CFM240629029*4*680.00*0*680.00*MC*BCM00029~
NM1*QC*1*HARRIS*ELIZABETH****MI*MBR100214~
SVC*HC:99215*680.00*0**1~
DTM*472*20240625~
CAS*CO*4*680.00~
CLP*CFM240630030*4*180.00*0*180.00*MC*BCM00030~
NM1*QC*1*MARTIN*DANIEL****MI*MBR100215~
SVC*HC:90707*180.00*0**1~
DTM*472*20240609~
CAS*CO*50*180.00~
SE*161*0001~
GE*1*1~
IEA*1*000000001~
