ISA*00*          *00*          *ZZ*BC1234         *ZZ*520123456      *260319*1625*^*00501*000000001*0*T*:~
GS*HP*BC1234*520123456*20240630*1625*1*X*005010X221A1~
ST*835*0001~
BPR*I*0*C*ACH*CCP*01*021000021*DA*123456789*BC1234**01*021000021*DA*987654321*20240715~
TRN*1*TRACE00001*1021000021~
DTM*405*20240630~
N1*PR*BlueCross Maryland~
N3*PO BOX 12345~
N4*BALTIMORE*MD*21202~
N1*PE*Chesapeake Family Medicine*XX*1234567890~
N3*100 HARBOR VIEW DR~
N4*BALTIMORE*MD*21201~
CLP*384722844793*1*199.89*127.5*72.39*MC*CLAIM000000~
NM1*QC*1*MOORE*LISA****MI*MBR838260~
SVC*HC:99203*199.89*127.5**1~
DTM*472*20240619~
CAS*CO*45*72.39~
CLP*812403417733*1*14.87*9.64*5.23*MC*CLAIM000001~
NM1*QC*1*JACKSON*AMANDA****MI*MBR310918~
SVC*HC:82947*14.87*9.64**1~
DTM*472*20240627~
CAS*CO*45*5.23~
CLP*020883984186*1*18.17*11.81*6.36*MC*CLAIM000002~
NM1*QC*1*MARTIN*DANIEL****MI*MBR341804~
SVC*HC:85025*18.17*11.81**1~
DTM*472*20240207~
CAS*CO*45*6.36~
CLP*813399416832*1*21.48*14.26*7.22*MC*CLAIM000003~
NM1*QC*1*GARCIA*MARIA****MI*MBR819924~
SVC*HC:36415*21.48*14.26**1~
DTM*472*20240420~
CAS*CO*45*7.22~
CLP*221266486483*1*323.79*212.28*111.51*MC*CLAIM000004~
NM1*QC*1*JOHNSON*MICHAEL****MI*MBR391949~
SVC*HC:99215*323.79*212.28**1~
DTM*472*20240423~
CAS*CO*45*111.51~
CLP*871837809637*1*227.98*146.48*81.5*MC*CLAIM000005~
NM1*QC*1*TAYLOR*JAMES****MI*MBR764196~
SVC*HC:99214*227.98*146.48**1~
DTM*472*20240407~
CAS*CO*45*81.5~
CLP*991471068586*1*277.54*181.1*96.44*MC*CLAIM000006~
NM1*QC*1*HARRIS*ELIZABETH****MI*MBR131643~
SVC*HC:99204*277.54*181.1**1~
DTM*472*20240620~
CAS*CO*45*96.44~
CLP*118675644244*4*227.98*0*227.98*MC*CLAIM000007~
NM1*QC*1*JOHNSON*MICHAEL****MI*MBR850728~
SVC*HC:99214*227.98*0**1~
DTM*472*20240301~
CAS*CO*97*227.98~
CLP*781373616774*1*29.74*19.32*10.42*MC*CLAIM000008~
NM1*QC*1*ANDERSON*PATRICIA****MI*MBR139417~
SVC*HC:80053*29.74*19.32**1~
DTM*472*20240420~
CAS*CO*45*10.42~
CLP*039927298808*1*160.24*103.49*56.75*MC*CLAIM000009~
NM1*QC*1*TAYLOR*JAMES****MI*MBR283452~
SVC*HC:99213*160.24*103.49**1~
DTM*472*20240411~
CAS*CO*45*56.75~
CLP*444301361704*4*323.79*0*323.79*MC*CLAIM000010~
NM1*QC*1*MOORE*LISA****MI*MBR127494~
SVC*HC:99215*323.79*0**1~
DTM*472*20240327~
CAS*PR*1*323.79~
CLP*525497257951*1*49.56*32.17*17.39*MC*CLAIM000011~
NM1*QC*1*WILLIAMS*SARAH****MI*MBR661373~
SVC*HC:93000*49.56*32.17**1~
DTM*472*20240528~
CAS*CO*45*17.39~
CLP*285413252882*1*274.23*176.86*97.37*MC*CLAIM000012~
NM1*QC*1*HARRIS*ELIZABETH****MI*MBR927135~
SVC*HC:99396*274.23*176.86**1~
DTM*472*20240525~
CAS*CO*45*97.37~
CLP*824136810262*1*160.24*105.43*54.81*MC*CLAIM000013~
NM1*QC*1*MOORE*LISA****MI*MBR779356~
SVC*HC:99213*160.24*105.43**1~
DTM*472*20240313~
CAS*CO*45*54.81~
CLP*530714399050*1*289.1*206.5*82.6*MC*CLAIM000014~
NM1*QC*1*MARTIN*DANIEL****MI*MBR771162~
SVC*HC:G0439*289.1*206.5**1~
DTM*472*20240301~
CAS*CO*45*82.6~
CLP*780151398072*1*29.74*21.24*8.5*MC*CLAIM000015~
NM1*QC*1*HARRIS*ELIZABETH****MI*MBR409811~
SVC*HC:80053*29.74*21.24**1~
DTM*472*20240207~
CAS*CO*45*8.5~
CLP*933757021258*4*21.48*0*21.48*MC*CLAIM000016~
NM1*QC*1*HARRIS*ELIZABETH****MI*MBR328596~
SVC*HC:36415*21.48*0**1~
DTM*472*20240604~
CAS*CO*97*21.48~
CLP*162669501742*1*199.89*132.54*67.35*MC*CLAIM000017~
NM1*QC*1*JACKSON*AMANDA****MI*MBR810119~
SVC*HC:99203*199.89*132.54**1~
DTM*472*20240227~
CAS*CO*45*67.35~
CLP*643490792146*1*308.92*220.66*88.26*MC*CLAIM000018~
NM1*QC*1*JOHNSON*MICHAEL****MI*MBR247957~
SVC*HC:99397*308.92*220.66**1~
DTM*472*20240213~
CAS*CO*45*88.26~
CLP*086425726353*1*308.92*202.68*106.24*MC*CLAIM000019~
NM1*QC*1*JOHNSON*MICHAEL****MI*MBR407595~
SVC*HC:99397*308.92*202.68**1~
DTM*472*20240624~
CAS*CO*45*106.24~
CLP*920672300331*4*274.23*0*274.23*MC*CLAIM000020~
NM1*QC*1*JACKSON*AMANDA****MI*MBR397227~
SVC*HC:99396*274.23*0**1~
DTM*472*20240321~
CAS*CO*4*274.23~
CLP*346103423637*4*289.1*0*289.1*MC*CLAIM000021~
NM1*QC*1*WILLIAMS*SARAH****MI*MBR724593~
SVC*HC:G0439*289.1*0**1~
DTM*472*20240609~
CAS*CO*45*289.1~
CLP*994947989868*4*227.98*0*227.98*MC*CLAIM000022~
NM1*QC*1*GARCIA*MARIA****MI*MBR381016~
SVC*HC:99214*227.98*0**1~
DTM*472*20240117~
CAS*CO*4*227.98~
CLP*845879967369*1*21.48*13.99*7.49*MC*CLAIM000023~
NM1*QC*1*THOMAS*CHRISTOPHER****MI*MBR119419~
SVC*HC:36415*21.48*13.99**1~
DTM*472*20240111~
CAS*CO*45*7.49~
CLP*821128209829*1*323.79*209.43*114.36*MC*CLAIM000024~
NM1*QC*1*BROWN*DAVID****MI*MBR476535~
SVC*HC:99215*323.79*209.43**1~
DTM*472*20240201~
CAS*CO*45*114.36~
CLP*085547761820*1*21.48*13.69*7.79*MC*CLAIM000025~
NM1*QC*1*WILLIAMS*SARAH****MI*MBR354046~
SVC*HC:36415*21.48*13.69**1~
DTM*472*20240326~
CAS*CO*45*7.79~
CLP*107278148144*1*160.24*105.59*54.65*MC*CLAIM000026~
NM1*QC*1*MILLER*JENNIFER****MI*MBR751899~
SVC*HC:99213*160.24*105.59**1~
DTM*472*20240525~
CAS*CO*45*54.65~
CLP*886727109726*1*21.48*13.93*7.55*MC*CLAIM000027~
NM1*QC*1*WHITE*WILLIAM****MI*MBR974991~
SVC*HC:36415*21.48*13.93**1~
DTM*472*20240509~
CAS*CO*45*7.55~
CLP*675636331158*1*21.48*15.34*6.14*MC*CLAIM000028~
NM1*QC*1*WILSON*THOMAS****MI*MBR210391~
SVC*HC:36415*21.48*15.34**1~
DTM*472*20240419~
CAS*CO*45*6.14~
CLP*949362127904*1*18.17*11.72*6.45*MC*CLAIM000029~
NM1*QC*1*MOORE*LISA****MI*MBR638898~
SVC*HC:85025*18.17*11.72**1~
DTM*472*20240615~
CAS*CO*45*6.45~
CLP*564674564539*1*308.92*200.81*108.11*MC*CLAIM000030~
NM1*QC*1*JACKSON*AMANDA****MI*MBR747900~
SVC*HC:99397*308.92*200.81**1~
DTM*472*20240208~
CAS*CO*45*108.11~
CLP*504525301560*1*308.92*198.39*110.53*MC*CLAIM000031~
NM1*QC*1*THOMAS*CHRISTOPHER****MI*MBR815627~
SVC*HC:99397*308.92*198.39**1~
DTM*472*20240414~
CAS*CO*45*110.53~
CLP*195383741230*1*227.98*162.84*65.14*MC*CLAIM000032~
NM1*QC*1*BROWN*DAVID****MI*MBR861892~
SVC*HC:99214*227.98*162.84**1~
DTM*472*20240313~
CAS*CO*45*65.14~
CLP*209569811375*4*308.92*0*308.92*MC*CLAIM000033~
NM1*QC*1*WILSON*THOMAS****MI*MBR343682~
SVC*HC:99397*308.92*0**1~
DTM*472*20240222~
CAS*CO*45*308.92~
CLP*783908787345*1*199.89*128.79*71.1*MC*CLAIM000034~
NM1*QC*1*MOORE*LISA****MI*MBR576392~
SVC*HC:99203*199.89*128.79**1~
DTM*472*20240110~
CAS*CO*45*71.1~
CLP*869521323718*1*323.79*206.88*116.91*MC*CLAIM000035~
NM1*QC*1*WILLIAMS*SARAH****MI*MBR126898~
SVC*HC:99215*323.79*206.88**1~
DTM*472*20240622~
CAS*CO*45*116.91~
CLP*642902368602*1*274.23*176.41*97.82*MC*CLAIM000036~
NM1*QC*1*THOMAS*CHRISTOPHER****MI*MBR660362~
SVC*HC:99396*274.23*176.41**1~
DTM*472*20240411~
CAS*CO*45*97.82~
CLP*350633038728*4*199.89*0*199.89*MC*CLAIM000037~
NM1*QC*1*TAYLOR*JAMES****MI*MBR237206~
SVC*HC:99203*199.89*0**1~
DTM*472*20240617~
CAS*CO*4*199.89~
CLP*066308889689*1*21.48*14.27*7.21*MC*CLAIM000038~
NM1*QC*1*ANDERSON*PATRICIA****MI*MBR335256~
SVC*HC:36415*21.48*14.27**1~
DTM*472*20240408~
CAS*CO*45*7.21~
CLP*443024998565*1*79.3*51.61*27.69*MC*CLAIM000039~
NM1*QC*1*BROWN*DAVID****MI*MBR290361~
SVC*HC:99441*79.3*51.61**1~
DTM*472*20240601~
CAS*CO*45*27.69~
CLP*178878687501*1*160.24*114.46*45.78*MC*CLAIM000040~
NM1*QC*1*JACKSON*AMANDA****MI*MBR698905~
SVC*HC:99213*160.24*114.46**1~
DTM*472*20240101~
CAS*CO*45*45.78~
CLP*904701884777*1*160.24*104.18*56.06*MC*CLAIM000041~
NM1*QC*1*WILLIAMS*SARAH****MI*MBR981208~
SVC*HC:99213*160.24*104.18**1~
DTM*472*20240111~
CAS*CO*45*56.06~
CLP*171671905278*1*21.48*15.34*6.14*MC*CLAIM000042~
NM1*QC*1*WILLIAMS*SARAH****MI*MBR476851~
SVC*HC:36415*21.48*15.34**1~
DTM*472*20240417~
CAS*CO*45*6.14~
CLP*831202996294*1*160.24*104.95*55.29*MC*CLAIM000043~
NM1*QC*1*HARRIS*ELIZABETH****MI*MBR331839~
SVC*HC:99213*160.24*104.95**1~
DTM*472*20240110~
CAS*CO*45*55.29~
CLP*009225728495*1*18.17*11.74*6.43*MC*CLAIM000044~
NM1*QC*1*WILLIAMS*SARAH****MI*MBR725676~
SVC*HC:85025*18.17*11.74**1~
DTM*472*20240523~
CAS*CO*45*6.43~
CLP*109733734646*1*29.74*21.24*8.5*MC*CLAIM000045~
NM1*QC*1*MOORE*LISA****MI*MBR733888~
SVC*HC:80053*29.74*21.24**1~
DTM*472*20240225~
CAS*CO*45*8.5~
CLP*934074409737*1*79.3*50.62*28.68*MC*CLAIM000046~
NM1*QC*1*MARTIN*DANIEL****MI*MBR111485~
SVC*HC:99441*79.3*50.62**1~
DTM*472*20240403~
CAS*CO*45*28.68~
CLP*620000700592*1*49.56*32.84*16.72*MC*CLAIM000047~
NM1*QC*1*JACKSON*AMANDA****MI*MBR875573~
SVC*HC:93000*49.56*32.84**1~
DTM*472*20240526~
CAS*CO*45*16.72~
CLP*734494707416*4*29.74*0*29.74*MC*CLAIM000048~
NM1*QC*1*THOMAS*CHRISTOPHER****MI*MBR289150~
SVC*HC:80053*29.74*0**1~
DTM*472*20240411~
CAS*CO*97*29.74~
CLP*893817334326*4*21.48*-9.66*31.14*MC*CLAIM000049~
NM1*QC*1*WILLIAMS*SARAH****MI*MBR789027~
SVC*HC:36415*21.48*-9.66**1~
DTM*472*20240108~
CAS*PR*2*31.14~
CLP*947966726039*1*79.3*50.58*28.72*MC*CLAIM000050~
NM1*QC*1*ANDERSON*PATRICIA****MI*MBR653808~
SVC*HC:99441*79.3*50.58**1~
DTM*472*20240509~
CAS*CO*45*28.72~
CLP*563919283956*1*160.24*102.55*57.69*MC*CLAIM000051~
NM1*QC*1*MOORE*LISA****MI*MBR983856~
SVC*HC:99213*160.24*102.55**1~
DTM*472*20240613~
CAS*CO*45*57.69~
CLP*373874869123*1*29.74*19.57*10.17*MC*CLAIM000052~
NM1*QC*1*HARRIS*ELIZABETH****MI*MBR929158~
SVC*HC:80053*29.74*19.57**1~
DTM*472*20240513~
CAS*CO*45*10.17~
CLP*336749323049*1*289.1*185.06*104.04*MC*CLAIM000053~
NM1*QC*1*JACKSON*AMANDA****MI*MBR579409~
SVC*HC:G0439*289.1*185.06**1~
DTM*472*20240608~
CAS*CO*45*104.04~
CLP*535822132898*4*160.24*0*160.24*MC*CLAIM000054~
NM1*QC*1*JACKSON*AMANDA****MI*MBR783169~
SVC*HC:99213*160.24*0**1~
DTM*472*20240412~
CAS*CO*4*160.24~
N1*PR*Aetna Mid-Atlantic~
N3*PO BOX 67890~
N4*COLUMBIA*MD*21046~
CLP*338713195055*1*227.98*150.54*77.44*MC*CLAIM000055~
NM1*QC*1*ANDERSON*PATRICIA****MI*MBR182428~
SVC*HC:99214*227.98*150.54**1~
DTM*472*20240104~
CAS*CO*45*77.44~
CLP*611146381926*1*160.24*105.34*54.9*MC*CLAIM000056~
NM1*QC*1*THOMAS*CHRISTOPHER****MI*MBR816126~
SVC*HC:99213*160.24*105.34**1~
DTM*472*20240205~
CAS*CO*45*54.9~
CLP*016200445872*1*160.24*102.36*57.88*MC*CLAIM000057~
NM1*QC*1*THOMAS*CHRISTOPHER****MI*MBR259069~
SVC*HC:99213*160.24*102.36**1~
DTM*472*20240602~
CAS*CO*45*57.88~
CLP*500820254577*4*21.48*-14.66*36.14*MC*CLAIM000058~
NM1*QC*1*THOMAS*CHRISTOPHER****MI*MBR802706~
SVC*HC:36415*21.48*-14.66**1~
DTM*472*20240523~
CAS*PR*2*36.14~
CLP*241946081670*4*160.24*0*160.24*MC*CLAIM000059~
NM1*QC*1*WILSON*THOMAS****MI*MBR956120~
SVC*HC:99213*160.24*0**1~
DTM*472*20240428~
CAS*CO*45*160.24~
CLP*575320517657*1*289.1*184.84*104.26*MC*CLAIM000060~
NM1*QC*1*WILSON*THOMAS****MI*MBR102587~
SVC*HC:G0439*289.1*184.84**1~
DTM*472*20240418~
CAS*CO*45*104.26~
CLP*195385306866*1*308.92*203.95*104.97*MC*CLAIM000061~
NM1*QC*1*HARRIS*ELIZABETH****MI*MBR898293~
SVC*HC:99397*308.92*203.95**1~
DTM*472*20240316~
CAS*CO*45*104.97~
CLP*363038442553*1*323.79*211.42*112.37*MC*CLAIM000062~
NM1*QC*1*WILSON*THOMAS****MI*MBR787296~
SVC*HC:99215*323.79*211.42**1~
DTM*472*20240621~
CAS*CO*45*112.37~
CLP*649857116811*4*227.98*0*227.98*MC*CLAIM000063~
NM1*QC*1*WILLIAMS*SARAH****MI*MBR533964~
SVC*HC:99214*227.98*0**1~
DTM*472*20240519~
CAS*PR*1*227.98~
CLP*853416303208*1*49.56*31.95*17.61*MC*CLAIM000064~
NM1*QC*1*MILLER*JENNIFER****MI*MBR620229~
SVC*HC:93000*49.56*31.95**1~
DTM*472*20240128~
CAS*CO*45*17.61~
CLP*011094857507*4*29.74*0*29.74*MC*CLAIM000065~
NM1*QC*1*MARTIN*DANIEL****MI*MBR380758~
SVC*HC:80053*29.74*0**1~
DTM*472*20240221~
CAS*PR*1*29.74~
CLP*154469751154*4*227.98*0*227.98*MC*CLAIM000066~
NM1*QC*1*ANDERSON*PATRICIA****MI*MBR757369~
SVC*HC:99214*227.98*0**1~
DTM*472*20240322~
CAS*CO*45*227.98~
CLP*270019910636*1*227.98*146.18*81.8*MC*CLAIM000067~
NM1*QC*1*ANDERSON*PATRICIA****MI*MBR746454~
SVC*HC:99214*227.98*146.18**1~
DTM*472*20240205~
CAS*CO*45*81.8~
CLP*860942707385*4*227.98*0*227.98*MC*CLAIM000068~
NM1*QC*1*TAYLOR*JAMES****MI*MBR942894~
SVC*HC:99214*227.98*0**1~
DTM*472*20240205~
CAS*CO*4*227.98~
CLP*312806599197*1*21.48*15.34*6.14*MC*CLAIM000069~
NM1*QC*1*TAYLOR*JAMES****MI*MBR743237~
SVC*HC:36415*21.48*15.34**1~
DTM*472*20240605~
CAS*CO*45*6.14~
CLP*124237006715*1*160.24*104.94*55.3*MC*CLAIM000070~
NM1*QC*1*HARRIS*ELIZABETH****MI*MBR868617~
SVC*HC:99213*160.24*104.94**1~
DTM*472*20240508~
CAS*CO*45*55.3~
CLP*918827687175*1*160.24*114.46*45.78*MC*CLAIM000071~
NM1*QC*1*BROWN*DAVID****MI*MBR160400~
SVC*HC:99213*160.24*114.46**1~
DTM*472*20240114~
CAS*CO*45*45.78~
CLP*374971825415*1*29.74*19.48*10.26*MC*CLAIM000072~
NM1*QC*1*JOHNSON*MICHAEL****MI*MBR441382~
SVC*HC:80053*29.74*19.48**1~
DTM*472*20240216~
CAS*CO*45*10.26~
CLP*647917133260*1*227.98*145.43*82.55*MC*CLAIM000073~
NM1*QC*1*ANDERSON*PATRICIA****MI*MBR710397~
SVC*HC:99214*227.98*145.43**1~
DTM*472*20240606~
CAS*CO*45*82.55~
CLP*049671960546*1*14.87*9.53*5.34*MC*CLAIM000074~
NM1*QC*1*JOHNSON*MICHAEL****MI*MBR267975~
SVC*HC:82947*14.87*9.53**1~
DTM*472*20240426~
CAS*CO*45*5.34~
CLP*043212543849*1*49.56*32.47*17.09*MC*CLAIM000075~
NM1*QC*1*THOMAS*CHRISTOPHER****MI*MBR203557~
SVC*HC:93000*49.56*32.47**1~
DTM*472*20240403~
CAS*CO*45*17.09~
CLP*216561852877*4*199.89*0*199.89*MC*CLAIM000076~
NM1*QC*1*DAVIS*ROBERT****MI*MBR932011~
SVC*HC:99203*199.89*0**1~
DTM*472*20240624~
CAS*CO*45*199.89~
CLP*639169805641*1*160.24*103.01*57.23*MC*CLAIM000077~
NM1*QC*1*MOORE*LISA****MI*MBR111332~
SVC*HC:99213*160.24*103.01**1~
DTM*472*20240111~
CAS*CO*45*57.23~
CLP*472480311186*1*227.98*148.23*79.75*MC*CLAIM000078~
NM1*QC*1*MILLER*JENNIFER****MI*MBR179657~
SVC*HC:99214*227.98*148.23**1~
DTM*472*20240619~
CAS*CO*45*79.75~
CLP*163253938782*1*160.24*104.43*55.81*MC*CLAIM000079~
NM1*QC*1*WILSON*THOMAS****MI*MBR612460~
SVC*HC:99213*160.24*104.43**1~
DTM*472*20240602~
CAS*CO*45*55.81~
CLP*652676227002*1*277.54*178.79*98.75*MC*CLAIM000080~
NM1*QC*1*MOORE*LISA****MI*MBR839250~
SVC*HC:99204*277.54*178.79**1~
DTM*472*20240119~
CAS*CO*45*98.75~
CLP*784580515362*1*227.98*162.84*65.14*MC*CLAIM000081~
NM1*QC*1*TAYLOR*JAMES****MI*MBR746683~
SVC*HC:99214*227.98*162.84**1~
DTM*472*20240623~
CAS*CO*45*65.14~
CLP*621275389467*4*29.74*-3.76*33.5*MC*CLAIM000082~
NM1*QC*1*JOHNSON*MICHAEL****MI*MBR182457~
SVC*HC:80053*29.74*-3.76**1~
DTM*472*20240404~
CAS*PR*2*33.5~
CLP*113055217304*1*49.56*35.4*14.16*MC*CLAIM000083~
NM1*QC*1*MARTIN*DANIEL****MI*MBR203825~
SVC*HC:93000*49.56*35.4**1~
DTM*472*20240417~
CAS*CO*45*14.16~
CLP*227953248874*1*274.23*178.97*95.26*MC*CLAIM000084~
NM1*QC*1*MILLER*JENNIFER****MI*MBR546978~
SVC*HC:99396*274.23*178.97**1~
DTM*472*20240621~
CAS*CO*45*95.26~
CLP*857984505840*1*323.79*181.28*142.51*MC*CLAIM000085~
NM1*QC*1*ANDERSON*PATRICIA****MI*MBR940905~
SVC*HC:99215*323.79*181.28**1~
DTM*472*20240213~
CAS*PR*2*142.51~
CLP*557014029352*4*274.23*0*274.23*MC*CLAIM000086~
NM1*QC*1*ANDERSON*PATRICIA****MI*MBR181238~
SVC*HC:99396*274.23*0**1~
DTM*472*20240615~
CAS*CO*4*274.23~
CLP*492053944855*4*21.48*-24.66*46.14*MC*CLAIM000087~
NM1*QC*1*JACKSON*AMANDA****MI*MBR503606~
SVC*HC:36415*21.48*-24.66**1~
DTM*472*20240113~
CAS*PR*2*46.14~
CLP*513660039794*1*199.89*112.78*87.11*MC*CLAIM000088~
NM1*QC*1*HARRIS*ELIZABETH****MI*MBR719056~
SVC*HC:99203*199.89*112.78**1~
DTM*472*20240405~
CAS*PR*2*87.11~
CLP*795618026665*1*323.79*206.8*116.99*MC*CLAIM000089~
NM1*QC*1*THOMAS*CHRISTOPHER****MI*MBR842782~
SVC*HC:99215*323.79*206.8**1~
DTM*472*20240507~
CAS*CO*45*116.99~
SE*466*0001~
GE*1*1~
IEA*1*000000001~