ISA*00*          *00*          *ZZ*AETNA          *ZZ*RIVERSIDE      *260115*0800*^*00501*000000001*0*P*:~
GS*HP*AETNA*RIVERSIDE*20260115*0800*1*X*005010X221A1~
ST*835*0001~
BPR*I*8247.63*C*ACH*CTX*01*021000089*DA*8834567210*1234567890**01*021000089*DA*5567891234*20260115~
TRN*1*20260115AETNA001*1234567890~
DTM*405*20260115~
N1*PR*Aetna Health Inc~
N3*151 Farmington Avenue~
N4*Hartford*CT*06156~
N1*PE*Riverside Family Medicine*XX*1234567890~
N3*2200 River Road Suite 105~
N4*Sacramento*CA*95833~
LX*1~
CLP*RFM2026001001*1*185.00*132.50*20.00*12*AETNA20260001*11~
NM1*82*1*CHEN*LISA***XX*1234567890~
NM1*77*2*RIVERSIDE FAMILY MEDICINE****XX*1234567890~
CAS*CO*45*52.50~
SVC*HC:99213*185.00*132.50**1~
DTM*472*20251018~
CLP*RFM2026001002*1*265.00*192.75*25.00*12*AETNA20260002*11~
NM1*82*1*CHEN*LISA***XX*1234567890~
CAS*CO*45*72.25~
SVC*HC:99214*265.00*192.75**1~
DTM*472*20251021~
CLP*RFM2026001003*1*485.00*0.00*0.00*12*AETNA20260003*11~
NM1*82*1*CHEN*LISA***XX*1234567890~
CAS*CO*97*485.00~
SVC*HC:99214*485.00*0.00**1~
DTM*472*20251022~
CLP*RFM2026001004*1*130.00*94.25*15.00*12*AETNA20260004*11~
NM1*82*1*CHEN*LISA***XX*1234567890~
CAS*CO*45*35.75~
SVC*HC:99212*130.00*94.25**1~
DTM*472*20251025~
CLP*RFM2026001005*1*52.00*18.00*5.00*12*AETNA20260005*11~
NM1*82*1*CHEN*LISA***XX*1234567890~
CAS*CO*45*34.00~
SVC*HC:93000*52.00*18.00**1~
DTM*472*20251025~
CLP*RFM2026001006*1*148.00*0.00*0.00*12*AETNA20260006*11~
NM1*82*1*CHEN*LISA***XX*1234567890~
CAS*CO*4*148.00~
SVC*HC:99213*148.00*0.00**1~
DTM*472*20251028~
CLP*RFM2026001007*1*375.00*275.00*30.00*12*AETNA20260007*11~
NM1*82*1*CHEN*LISA***XX*1234567890~
CAS*CO*45*100.00~
SVC*HC:99215*375.00*275.00**1~
DTM*472*20251029~
CLP*RFM2026001008*1*180.00*0.00*0.00*12*AETNA20260008*11~
NM1*82*1*CHEN*LISA***XX*1234567890~
CAS*CO*50*180.00~
SVC*HC:90707*180.00*0.00**1~
DTM*472*20251030~
CLP*RFM2026001009*1*42.00*30.50*5.00*12*AETNA20260009*11~
NM1*82*1*CHEN*LISA***XX*1234567890~
CAS*CO*45*11.50~
SVC*HC:36415*42.00*30.50**1~
DTM*472*20251101~
CLP*RFM2026001010*1*185.00*135.00*20.00*12*AETNA20260010*11~
NM1*82*1*CHEN*LISA***XX*1234567890~
CAS*CO*45*50.00~
SVC*HC:99213*185.00*135.00**1~
DTM*472*20251104~
CLP*RFM2026001011*1*265.00*195.00*25.00*12*AETNA20260011*11~
NM1*82*1*CHEN*LISA***XX*1234567890~
CAS*CO*45*70.00~
SVC*HC:99214*265.00*195.00**1~
DTM*472*20251107~
CLP*RFM2026001012*1*22.00*16.00*3.00*12*AETNA20260012*11~
NM1*82*1*CHEN*LISA***XX*1234567890~
CAS*CO*45*6.00~
SVC*HC:81002*22.00*16.00**1~
DTM*472*20251107~
CLP*RFM2026001013*1*1200.00*800.00*100.00*12*AETNA20260013*11~
NM1*82*1*CHEN*LISA***XX*1234567890~
CAS*CO*45*400.00~
SVC*HC:27447*1200.00*800.00**1~
DTM*472*20251108~
CLP*RFM2026001014*1*185.00*134.00*20.00*12*AETNA20260014*11~
NM1*82*1*CHEN*LISA***XX*1234567890~
CAS*CO*45*51.00~
SVC*HC:99213*185.00*134.00**1~
DTM*472*20251112~
CLP*RFM2026001015*1*95.00*68.50*10.00*12*AETNA20260015*11~
NM1*82*1*CHEN*LISA***XX*1234567890~
CAS*CO*45*26.50~
SVC*HC:90471*95.00*68.50**1~
DTM*472*20251114~
CLP*RFM2026001016*1*265.00*190.00*25.00*12*AETNA20260016*11~
NM1*82*1*CHEN*LISA***XX*1234567890~
CAS*CO*45*75.00~
SVC*HC:99214*265.00*190.00**1~
DTM*472*20251118~
CLP*RFM2026001017*1*48.00*35.00*5.00*12*AETNA20260017*11~
NM1*82*1*CHEN*LISA***XX*1234567890~
CAS*CO*45*13.00~
SVC*HC:85025*48.00*35.00**1~
DTM*472*20251118~
CLP*RFM2026001018*1*185.00*131.00*20.00*12*AETNA20260018*11~
NM1*82*1*CHEN*LISA***XX*1234567890~
CAS*CO*45*54.00~
SVC*HC:99213*185.00*131.00**1~
DTM*472*20251121~
CLP*RFM2026001019*1*160.00*115.00*18.00*12*AETNA20260019*11~
NM1*82*1*CHEN*LISA***XX*1234567890~
CAS*CO*45*45.00~
SVC*HC:99203*160.00*115.00**1~
DTM*472*20251125~
CLP*RFM2026001020*1*52.00*38.00*5.00*12*AETNA20260020*11~
NM1*82*1*CHEN*LISA***XX*1234567890~
CAS*CO*45*14.00~
SVC*HC:93000*52.00*38.00**1~
DTM*472*20251125~
CLP*RFM2026001021*1*265.00*193.00*25.00*12*AETNA20260021*11~
NM1*82*1*CHEN*LISA***XX*1234567890~
CAS*CO*45*72.00~
SVC*HC:99214*265.00*193.00**1~
DTM*472*20251202~
CLP*RFM2026001022*1*38.00*27.50*4.00*12*AETNA20260022*11~
NM1*82*1*CHEN*LISA***XX*1234567890~
CAS*CO*45*10.50~
SVC*HC:80053*38.00*27.50**1~
DTM*472*20251202~
CLP*RFM2026001023*1*185.00*133.00*20.00*12*AETNA20260023*11~
NM1*82*1*CHEN*LISA***XX*1234567890~
CAS*CO*45*52.00~
SVC*HC:99213*185.00*133.00**1~
DTM*472*20251205~
CLP*RFM2026001024*1*265.00*191.00*25.00*12*AETNA20260024*11~
NM1*82*1*CHEN*LISA***XX*1234567890~
CAS*CO*45*74.00~
SVC*HC:99214*265.00*191.00**1~
DTM*472*20251209~
CLP*RFM2026001025*1*75.00*54.00*8.00*12*AETNA20260025*11~
NM1*82*1*CHEN*LISA***XX*1234567890~
CAS*CO*45*21.00~
SVC*HC:71046*75.00*54.00**1~
DTM*472*20251210~
CLP*RFM2026001026*1*185.00*130.00*20.00*12*AETNA20260026*11~
NM1*82*1*CHEN*LISA***XX*1234567890~
CAS*CO*45*55.00~
SVC*HC:99213*185.00*130.00**1~
DTM*472*20251212~
CLP*RFM2026001027*1*42.00*30.00*5.00*12*AETNA20260027*11~
NM1*82*1*CHEN*LISA***XX*1234567890~
CAS*CO*45*12.00~
SVC*HC:36415*42.00*30.00**1~
DTM*472*20251215~
CLP*RFM2026001028*1*375.00*0.00*0.00*12*AETNA20260028*11~
NM1*82*1*CHEN*LISA***XX*1234567890~
CAS*CO*97*375.00~
SVC*HC:99215*375.00*0.00**1~
DTM*472*20251216~
CLP*RFM2026001029*1*265.00*0.00*0.00*12*AETNA20260029*11~
NM1*82*1*CHEN*LISA***XX*1234567890~
CAS*CO*97*265.00~
SVC*HC:99214*265.00*0.00**1~
DTM*472*20251219~
CLP*RFM2026001030*1*485.00*0.00*0.00*12*AETNA20260030*11~
NM1*82*1*CHEN*LISA***XX*1234567890~
CAS*CO*97*485.00~
SVC*HC:99214*485.00*0.00**1~
DTM*472*20260102~
CLP*RFM2026001031*1*850.00*425.00*60.00*12*AETNA20260031*11~
NM1*82*1*CHEN*LISA***XX*1234567890~
CAS*CO*45*425.00~
SVC*HC:29881*850.00*425.00**1~
DTM*472*20260106~
CLP*RFM2026001032*1*320.00*0.00*0.00*12*AETNA20260032*11~
NM1*82*1*CHEN*LISA***XX*1234567890~
CAS*CO*4*320.00~
SVC*HC:99215*320.00*0.00**1~
DTM*472*20260108~
CLP*RFM2026001033*1*185.00*133.50*20.00*12*AETNA20260033*11~
NM1*82*1*CHEN*LISA***XX*1234567890~
CAS*CO*45*51.50~
SVC*HC:99213*185.00*133.50**1~
DTM*472*20260110~
SE*171*0001~
GE*1*1~
IEA*1*000000001~
