ISA*00*          *00*          *ZZ*MPM2024        *ZZ*521234567      *260312*0949*^*00501*000000003*0*T*:~
GS*HP*MPM2024*521234567*20241231*0949*3*X*005010X221A1~
ST*835*0001~
BPR*I*0*C*ACH*CCP*01*021000021*DA*111222333*MPM2024**01*021000021*DA*444555666*20250115~
TRN*1*EMPTRACE001*1021000021~
DTM*405*20241231~
N1*PR*Maryland Manufacturing Health Plan~
N3*PO BOX 99999~
N4*ANNAPOLIS*MD*21401~
N1*PE*VARIOUS PROVIDERS*XX*9999999999~
CLP*983062399586*1*64.91*49.93*14.98*MC*ECLAIM000000~
NM1*QC*1*SMITH*KAREN****MI*DEP004A~
NM1*82*2*MD MENTAL HEALTH ASSOC*****XX*8889990001~
SVC*HC:71046*64.91*49.93**1~
DTM*472*20240316~
CAS*CO*45*14.98~
CLP*104987682503*1*280.97*216.13*64.84*MC*ECLAIM000001~
NM1*QC*1*WILSON*JANET****MI*EMP011~
NM1*82*2*MD MENTAL HEALTH ASSOC*****XX*8889990001~
SVC*HC:99214*280.97*216.13**1~
DTM*472*20240621~
CAS*CO*45*64.84~
CLP*966311827277*1*379.73*292.1*87.63*MC*ECLAIM000002~
NM1*QC*1*MOORE*BRIAN****MI*EMP012~
NM1*82*1*OCONNOR*SEAN****XX*3334445556~
SVC*HC:72148*379.73*292.1**1~
DTM*472*20240722~
CAS*CO*45*87.63~
CLP*494815798243*1*29.22*22.47*6.75*MC*ECLAIM000003~
NM1*QC*1*NGUYEN*TRAN****MI*EMP005~
NM1*82*2*BAYVIEW ORTHO GROUP*****XX*6667778889~
SVC*HC:36415*29.22*22.47**1~
DTM*472*20240108~
CAS*CO*45*6.75~
CLP*427463508468*1*312.53*240.41*72.12*MC*ECLAIM000004~
NM1*QC*1*SMITH*JOHN****MI*EMP004~
NM1*82*2*MD MENTAL HEALTH ASSOC*****XX*8889990001~
SVC*HC:99243*312.53*240.41**1~
DTM*472*20240415~
CAS*CO*45*72.12~
CLP*199564941150*1*312.69*240.53*72.16*MC*ECLAIM000005~
NM1*QC*1*SMITH*TYLER****MI*DEP004B~
NM1*82*2*CHESAPEAKE IMAGING LLC*****XX*7778889990~
SVC*HC:99214*312.69*240.53**1~
DTM*472*20240727~
CAS*CO*45*72.16~
CLP*923048484941*1*213.51*164.24*49.27*MC*ECLAIM000006~
NM1*QC*1*JOHNSON*MARCUS****MI*EMP006~
NM1*82*1*KIM*DAVID****XX*2223334445~
SVC*HC:99213*213.51*164.24**1~
DTM*472*20240617~
CAS*CO*45*49.27~
CLP*167211410022*1*316.47*243.44*73.03*MC*ECLAIM000007~
NM1*QC*1*MOORE*BRIAN****MI*EMP012~
NM1*82*2*CHESAPEAKE IMAGING LLC*****XX*7778889990~
SVC*HC:99214*316.47*243.44**1~
DTM*472*20240508~
CAS*CO*45*73.03~
CLP*378525263358*1*161.62*124.33*37.29*MC*ECLAIM000008~
NM1*QC*1*CHEN*LINDA****MI*DEP001A~
NM1*82*1*SHARMA*PRIYA****XX*4445556667~
SVC*HC:99213*161.62*124.33**1~
DTM*472*20240408~
CAS*CO*45*37.29~
CLP*586895897929*1*20.91*16.09*4.82*MC*ECLAIM000009~
NM1*QC*1*BROWN*KEVIN****MI*EMP008~
NM1*82*2*BAYVIEW ORTHO GROUP*****XX*6667778889~
SVC*HC:82947*20.91*16.09**1~
DTM*472*20240703~
CAS*CO*45*4.82~
CLP*787652551178*1*234.64*180.49*54.15*MC*ECLAIM000010~
NM1*QC*1*MOORE*BRIAN****MI*EMP012~
NM1*82*2*MD MENTAL HEALTH ASSOC*****XX*8889990001~
SVC*HC:99214*234.64*180.49**1~
DTM*472*20240106~
CAS*CO*45*54.15~
CLP*802367893801*1*38.84*29.88*8.96*MC*ECLAIM000011~
NM1*QC*1*CHEN*ROBERT****MI*EMP001~
NM1*82*2*CHESAPEAKE IMAGING LLC*****XX*7778889990~
SVC*HC:80053*38.84*29.88**1~
DTM*472*20240226~
CAS*CO*45*8.96~
CLP*652517560898*1*387.73*298.25*89.48*MC*ECLAIM000012~
NM1*QC*1*GONZALEZ*CARLOS****MI*EMP003~
NM1*82*1*OCONNOR*SEAN****XX*3334445556~
SVC*HC:73721*387.73*298.25**1~
DTM*472*20241114~
CAS*CO*45*89.48~
CLP*448169651207*1*223.96*172.27*51.69*MC*ECLAIM000013~
NM1*QC*1*TAYLOR*KRISTIN****MI*EMP013~
NM1*82*1*JOHNSON*MARK****XX*5556667778~
SVC*HC:90837*223.96*172.27**1~
DTM*472*20240205~
CAS*CO*45*51.69~
CLP*780933104208*1*21.89*16.84*5.05*MC*ECLAIM000014~
NM1*QC*1*ANDERSON*PAUL****MI*EMP014~
NM1*82*1*MARTINEZ*ANNA****XX*1112223334~
SVC*HC:85025*21.89*16.84**1~
DTM*472*20241108~
CAS*CO*45*5.05~
CLP*309056917582*1*382.55*294.27*88.28*MC*ECLAIM000015~
NM1*QC*1*SMITH*TYLER****MI*DEP004B~
NM1*82*1*KIM*DAVID****XX*2223334445~
SVC*HC:99396*382.55*294.27**1~
DTM*472*20240705~
CAS*CO*45*88.28~
CLP*836529822491*1*399.77*307.51*92.26*MC*ECLAIM000016~
NM1*QC*1*JOHNSON*MARCUS****MI*EMP006~
NM1*82*2*CHESAPEAKE IMAGING LLC*****XX*7778889990~
SVC*HC:72148*399.77*307.51**1~
DTM*472*20240221~
CAS*CO*45*92.26~
CLP*911398744435*1*47.8*36.77*11.03*MC*ECLAIM000017~
NM1*QC*1*PATEL*VIKRAM****MI*EMP002~
NM1*82*1*SHARMA*PRIYA****XX*4445556667~
SVC*HC:93000*47.8*36.77**1~
DTM*472*20241221~
CAS*CO*45*11.03~
CLP*653855639571*1*38.67*29.75*8.92*MC*ECLAIM000018~
NM1*QC*1*SMITH*KAREN****MI*DEP004A~
NM1*82*1*KIM*DAVID****XX*2223334445~
SVC*HC:80053*38.67*29.75**1~
DTM*472*20240113~
CAS*CO*45*8.92~
CLP*238838140139*1*22.35*17.19*5.16*MC*ECLAIM000019~
NM1*QC*1*WILSON*JANET****MI*EMP011~
NM1*82*1*SHARMA*PRIYA****XX*4445556667~
SVC*HC:83036*22.35*17.19**1~
DTM*472*20240305~
CAS*CO*45*5.16~
CLP*006752812692*1*460.63*354.33*106.3*MC*ECLAIM000020~
NM1*QC*1*SMITH*JOHN****MI*EMP004~
NM1*82*2*MD MENTAL HEALTH ASSOC*****XX*8889990001~
SVC*HC:72148*460.63*354.33**1~
DTM*472*20240406~
CAS*CO*45*106.3~
CLP*203935889768*1*1068.06*258.59*809.47*MC*ECLAIM000021~
NM1*QC*1*GONZALEZ*CARLOS****MI*EMP003~
NM1*82*1*KIM*DAVID****XX*2223334445~
SVC*HC:73721*1068.06*258.59**1~
DTM*472*20240305~
CAS*CO*45*809.47~
CLP*385550415697*1*23.06*17.73*5.33*MC*ECLAIM000022~
NM1*QC*1*PATEL*VIKRAM****MI*EMP002~
NM1*82*1*KIM*DAVID****XX*2223334445~
SVC*HC:36415*23.06*17.73**1~
DTM*472*20241207~
CAS*CO*45*5.33~
CLP*760143884477*4*36.45*0*36.45*MC*ECLAIM000023~
NM1*QC*1*PATEL*VIKRAM****MI*EMP002~
NM1*82*2*CHESAPEAKE IMAGING LLC*****XX*7778889990~
SVC*HC:80053*36.45*0**1~
DTM*472*20241110~
CAS*CO*45*36.45~
CLP*014717328811*1*181.59*139.68*41.91*MC*ECLAIM000024~
NM1*QC*1*CHEN*EMMA****MI*DEP001B~
NM1*82*2*BAYVIEW ORTHO GROUP*****XX*6667778889~
SVC*HC:99213*181.59*139.68**1~
DTM*472*20240206~
CAS*CO*45*41.91~
CLP*226390395140*1*219.32*168.71*50.61*MC*ECLAIM000025~
NM1*QC*1*WILSON*JANET****MI*EMP011~
NM1*82*2*MD MENTAL HEALTH ASSOC*****XX*8889990001~
SVC*HC:99213*219.32*168.71**1~
DTM*472*20240218~
CAS*CO*45*50.61~
CLP*460281139964*1*68.24*52.49*15.75*MC*ECLAIM000026~
NM1*QC*1*GONZALEZ*MARIA****MI*DEP003A~
NM1*82*1*KIM*DAVID****XX*2223334445~
SVC*HC:71046*68.24*52.49**1~
DTM*472*20240705~
CAS*CO*45*15.75~
CLP*125927877883*4*40.36*0*40.36*MC*ECLAIM000027~
NM1*QC*1*PATEL*PRIYA****MI*DEP002A~
NM1*82*1*MARTINEZ*ANNA****XX*1112223334~
SVC*HC:80053*40.36*0**1~
DTM*472*20241011~
CAS*CO*4*40.36~
CLP*521921531513*1*232.16*178.59*53.57*MC*ECLAIM000028~
NM1*QC*1*CHEN*EMMA****MI*DEP001B~
NM1*82*1*JOHNSON*MARK****XX*5556667778~
SVC*HC:99214*232.16*178.59**1~
DTM*472*20240728~
CAS*CO*45*53.57~
CLP*849289924768*1*39.51*30.4*9.11*MC*ECLAIM000029~
NM1*QC*1*GONZALEZ*MARIA****MI*DEP003A~
NM1*82*2*CHESAPEAKE IMAGING LLC*****XX*7778889990~
SVC*HC:80053*39.51*30.4**1~
DTM*472*20240119~
CAS*CO*45*9.11~
CLP*981534372967*1*298.52*229.63*68.89*MC*ECLAIM000030~
NM1*QC*1*CHEN*ROBERT****MI*EMP001~
NM1*82*2*CHESAPEAKE IMAGING LLC*****XX*7778889990~
SVC*HC:99397*298.52*229.63**1~
DTM*472*20241123~
CAS*CO*45*68.89~
CLP*976031754218*1*28.18*21.68*6.5*MC*ECLAIM000031~
NM1*QC*1*GONZALEZ*CARLOS****MI*EMP003~
NM1*82*1*KIM*DAVID****XX*2223334445~
SVC*HC:36415*28.18*21.68**1~
DTM*472*20240713~
CAS*CO*45*6.5~
CLP*791726933715*4*22.71*0*22.71*MC*ECLAIM000032~
NM1*QC*1*BROWN*KEVIN****MI*EMP008~
NM1*82*2*MD MENTAL HEALTH ASSOC*****XX*8889990001~
SVC*HC:85025*22.71*0**1~
DTM*472*20240820~
CAS*CO*97*22.71~
CLP*912130682857*4*29.61*0*29.61*MC*ECLAIM000033~
NM1*QC*1*NGUYEN*TRAN****MI*EMP005~
NM1*82*1*MARTINEZ*ANNA****XX*1112223334~
SVC*HC:83036*29.61*0**1~
DTM*472*20240610~
CAS*PR*1*29.61~
CLP*691828834069*1*20.05*15.42*4.63*MC*ECLAIM000034~
NM1*QC*1*ANDERSON*PAUL****MI*EMP014~
NM1*82*2*CHESAPEAKE IMAGING LLC*****XX*7778889990~
SVC*HC:85025*20.05*15.42**1~
DTM*472*20241002~
CAS*CO*45*4.63~
CLP*789268882423*1*74.09*56.99*17.1*MC*ECLAIM000035~
NM1*QC*1*GONZALEZ*CARLOS****MI*EMP003~
NM1*82*2*BAYVIEW ORTHO GROUP*****XX*6667778889~
SVC*HC:71046*74.09*56.99**1~
DTM*472*20240914~
CAS*CO*45*17.1~
CLP*293903627460*1*214.81*165.24*49.57*MC*ECLAIM000036~
NM1*QC*1*MILLER*SCOTT****MI*EMP010~
NM1*82*1*KIM*DAVID****XX*2223334445~
SVC*HC:99213*214.81*165.24**1~
DTM*472*20240406~
CAS*CO*45*49.57~
CLP*965034110771*1*228.75*175.96*52.79*MC*ECLAIM000037~
NM1*QC*1*SMITH*JOHN****MI*EMP004~
NM1*82*1*SHARMA*PRIYA****XX*4445556667~
SVC*HC:99243*228.75*175.96**1~
DTM*472*20240622~
CAS*CO*45*52.79~
CLP*910611719056*1*204.72*157.48*47.24*MC*ECLAIM000038~
NM1*QC*1*MOORE*BRIAN****MI*EMP012~
NM1*82*2*CHESAPEAKE IMAGING LLC*****XX*7778889990~
SVC*HC:90837*204.72*157.48**1~
DTM*472*20241216~
CAS*CO*45*47.24~
CLP*813494491706*1*19.35*14.88*4.47*MC*ECLAIM000039~
NM1*QC*1*CHEN*LINDA****MI*DEP001A~
NM1*82*1*KIM*DAVID****XX*2223334445~
SVC*HC:85025*19.35*14.88**1~
DTM*472*20240211~
CAS*CO*45*4.47~
CLP*226525307820*1*395.31*304.08*91.23*MC*ECLAIM000040~
NM1*QC*1*ANDERSON*PAUL****MI*EMP014~
NM1*82*1*JOHNSON*MARK****XX*5556667778~
SVC*HC:73721*395.31*304.08**1~
DTM*472*20240909~
CAS*CO*45*91.23~
CLP*230894224575*1*169.69*130.53*39.16*MC*ECLAIM000041~
NM1*QC*1*GONZALEZ*CARLOS****MI*EMP003~
NM1*82*1*JOHNSON*MARK****XX*5556667778~
SVC*HC:99213*169.69*130.53**1~
DTM*472*20240107~
CAS*CO*45*39.16~
CLP*336173671826*1*305.78*235.21*70.57*MC*ECLAIM000042~
NM1*QC*1*CHEN*LINDA****MI*DEP001A~
NM1*82*1*KIM*DAVID****XX*2223334445~
SVC*HC:99214*305.78*235.21**1~
DTM*472*20240825~
CAS*CO*45*70.57~
CLP*755007111672*1*437.15*336.27*100.88*MC*ECLAIM000043~
NM1*QC*1*JOHNSON*MARCUS****MI*EMP006~
NM1*82*2*MD MENTAL HEALTH ASSOC*****XX*8889990001~
SVC*HC:99397*437.15*336.27**1~
DTM*472*20240318~
CAS*CO*45*100.88~
CLP*067280828782*1*152.54*117.34*35.2*MC*ECLAIM000044~
NM1*QC*1*CHEN*LINDA****MI*DEP001A~
NM1*82*1*KIM*DAVID****XX*2223334445~
SVC*HC:99213*152.54*117.34**1~
DTM*472*20240813~
CAS*CO*45*35.2~
CLP*878640564154*4*192.08*0*192.08*MC*ECLAIM000045~
NM1*QC*1*JOHNSON*MARCUS****MI*EMP006~
NM1*82*1*JOHNSON*MARK****XX*5556667778~
SVC*HC:99213*192.08*0**1~
DTM*472*20240516~
CAS*CO*4*192.08~
CLP*336385417534*1*588.75*452.89*135.86*MC*ECLAIM000046~
NM1*QC*1*GONZALEZ*MARIA****MI*DEP003A~
NM1*82*1*MARTINEZ*ANNA****XX*1112223334~
SVC*HC:99284*588.75*452.89**1~
DTM*472*20240628~
CAS*CO*45*135.86~
CLP*244805995181*1*354.05*272.35*81.7*MC*ECLAIM000047~
NM1*QC*1*ANDERSON*PAUL****MI*EMP014~
NM1*82*1*OCONNOR*SEAN****XX*3334445556~
SVC*HC:99244*354.05*272.35**1~
DTM*472*20240920~
CAS*CO*45*81.7~
CLP*122591727851*1*350.92*269.94*80.98*MC*ECLAIM000048~
NM1*QC*1*TAYLOR*KRISTIN****MI*EMP013~
NM1*82*1*SHARMA*PRIYA****XX*4445556667~
SVC*HC:99396*350.92*269.94**1~
DTM*472*20241210~
CAS*CO*45*80.98~
CLP*626616351894*1*345.79*265.99*79.8*MC*ECLAIM000049~
NM1*QC*1*ANDERSON*PAUL****MI*EMP014~
NM1*82*1*SHARMA*PRIYA****XX*4445556667~
SVC*HC:99396*345.79*265.99**1~
DTM*472*20240309~
CAS*CO*45*79.8~
CLP*959070475551*1*283.25*217.89*65.36*MC*ECLAIM000050~
NM1*QC*1*CHEN*LINDA****MI*DEP001A~
NM1*82*1*OCONNOR*SEAN****XX*3334445556~
SVC*HC:99214*283.25*217.89**1~
DTM*472*20241110~
CAS*CO*45*65.36~
CLP*746854193239*1*18.78*14.45*4.33*MC*ECLAIM000051~
NM1*QC*1*WILSON*JANET****MI*EMP011~
NM1*82*2*MD MENTAL HEALTH ASSOC*****XX*8889990001~
SVC*HC:82947*18.78*14.45**1~
DTM*472*20240907~
CAS*CO*45*4.33~
CLP*637419614348*1*184.64*142.03*42.61*MC*ECLAIM000052~
NM1*QC*1*PATEL*PRIYA****MI*DEP002A~
NM1*82*1*JOHNSON*MARK****XX*5556667778~
SVC*HC:99213*184.64*142.03**1~
DTM*472*20240314~
CAS*CO*45*42.61~
CLP*524691169153*1*301.77*232.13*69.64*MC*ECLAIM000053~
NM1*QC*1*GONZALEZ*MARIA****MI*DEP003A~
NM1*82*1*JOHNSON*MARK****XX*5556667778~
SVC*HC:99396*301.77*232.13**1~
DTM*472*20240121~
CAS*CO*45*69.64~
CLP*142646437077*1*20.93*16.1*4.83*MC*ECLAIM000054~
NM1*QC*1*BROWN*KEVIN****MI*EMP008~
NM1*82*2*CHESAPEAKE IMAGING LLC*****XX*7778889990~
SVC*HC:36415*20.93*16.1**1~
DTM*472*20241223~
CAS*CO*45*4.83~
CLP*064360433131*1*421.11*323.93*97.18*MC*ECLAIM000055~
NM1*QC*1*MILLER*SCOTT****MI*EMP010~
NM1*82*1*KIM*DAVID****XX*2223334445~
SVC*HC:99397*421.11*323.93**1~
DTM*472*20240106~
CAS*CO*45*97.18~
CLP*320072765787*1*585.7*126.94*458.76*MC*ECLAIM000056~
NM1*QC*1*CHEN*EMMA****MI*DEP001B~
NM1*82*1*MARTINEZ*ANNA****XX*1112223334~
SVC*HC:99214*585.7*126.94**1~
DTM*472*20241123~
CAS*CO*45*458.76~
CLP*177073156459*1*366.56*281.97*84.59*MC*ECLAIM000057~
NM1*QC*1*CHEN*ROBERT****MI*EMP001~
NM1*82*2*BAYVIEW ORTHO GROUP*****XX*6667778889~
SVC*HC:99397*366.56*281.97**1~
DTM*472*20240918~
CAS*CO*45*84.59~
CLP*432205486040*1*525.08*127.23*397.85*MC*ECLAIM000058~
NM1*QC*1*SMITH*TYLER****MI*DEP004B~
NM1*82*1*SHARMA*PRIYA****XX*4445556667~
SVC*HC:99243*525.08*127.23**1~
DTM*472*20240518~
CAS*CO*45*397.85~
CLP*096132392574*1*69.14*53.18*15.96*MC*ECLAIM000059~
NM1*QC*1*CHEN*ROBERT****MI*EMP001~
NM1*82*1*JOHNSON*MARK****XX*5556667778~
SVC*HC:93000*69.14*53.18**1~
DTM*472*20241114~
CAS*CO*45*15.96~
CLP*795954544211*1*238.82*183.71*55.11*MC*ECLAIM000060~
NM1*QC*1*PATEL*VIKRAM****MI*EMP002~
NM1*82*1*MARTINEZ*ANNA****XX*1112223334~
SVC*HC:90837*238.82*183.71**1~
DTM*472*20240918~
CAS*CO*45*55.11~
CLP*188813633179*1*188.79*145.22*43.57*MC*ECLAIM000061~
NM1*QC*1*SMITH*KAREN****MI*DEP004A~
NM1*82*1*SHARMA*PRIYA****XX*4445556667~
SVC*HC:99213*188.79*145.22**1~
DTM*472*20240807~
CAS*CO*45*43.57~
CLP*236674942476*1*352.3*271.0*81.3*MC*ECLAIM000062~
NM1*QC*1*WILSON*JANET****MI*EMP011~
NM1*82*1*KIM*DAVID****XX*2223334445~
SVC*HC:99244*352.3*271.0**1~
DTM*472*20240904~
CAS*CO*45*81.3~
CLP*857943144449*4*54.59*0*54.59*MC*ECLAIM000063~
NM1*QC*1*CHEN*ROBERT****MI*EMP001~
NM1*82*1*MARTINEZ*ANNA****XX*1112223334~
SVC*HC:85025*54.59*0**1~
DTM*472*20240418~
CAS*CO*45*54.59~
CLP*153361026216*1*22.03*16.95*5.08*MC*ECLAIM000064~
NM1*QC*1*NGUYEN*TRAN****MI*EMP005~
NM1*82*2*CHESAPEAKE IMAGING LLC*****XX*7778889990~
SVC*HC:85025*22.03*16.95**1~
DTM*472*20240613~
CAS*CO*45*5.08~
CLP*988933177937*1*162.62*125.09*37.53*MC*ECLAIM000065~
NM1*QC*1*MILLER*SCOTT****MI*EMP010~
NM1*82*2*BAYVIEW ORTHO GROUP*****XX*6667778889~
SVC*HC:99213*162.62*125.09**1~
DTM*472*20240309~
CAS*CO*45*37.53~
CLP*966838169833*4*20.4*0*20.4*MC*ECLAIM000066~
NM1*QC*1*CHEN*LINDA****MI*DEP001A~
NM1*82*2*CHESAPEAKE IMAGING LLC*****XX*7778889990~
SVC*HC:85025*20.4*0**1~
DTM*472*20241019~
CAS*CO*45*20.4~
CLP*872347905634*1*63.15*14.98*48.17*MC*ECLAIM000067~
NM1*QC*1*CHEN*ROBERT****MI*EMP001~
NM1*82*1*KIM*DAVID****XX*2223334445~
SVC*HC:83036*63.15*14.98**1~
DTM*472*20240909~
CAS*CO*45*48.17~
CLP*489601868576*1*312.1*240.08*72.02*MC*ECLAIM000068~
NM1*QC*1*PATEL*VIKRAM****MI*EMP002~
NM1*82*1*OCONNOR*SEAN****XX*3334445556~
SVC*HC:99396*312.1*240.08**1~
DTM*472*20240403~
CAS*CO*45*72.02~
CLP*171241721585*1*28.45*21.89*6.56*MC*ECLAIM000069~
NM1*QC*1*SMITH*TYLER****MI*DEP004B~
NM1*82*2*BAYVIEW ORTHO GROUP*****XX*6667778889~
SVC*HC:80053*28.45*21.89**1~
DTM*472*20240515~
CAS*CO*45*6.56~
CLP*158470390583*1*168.98*129.98*39.0*MC*ECLAIM000070~
NM1*QC*1*WILSON*JANET****MI*EMP011~
NM1*82*1*SHARMA*PRIYA****XX*4445556667~
SVC*HC:99213*168.98*129.98**1~
DTM*472*20240826~
CAS*CO*45*39.0~
CLP*595561903236*1*172.81*132.93*39.88*MC*ECLAIM000071~
NM1*QC*1*GONZALEZ*MARIA****MI*DEP003A~
NM1*82*1*OCONNOR*SEAN****XX*3334445556~
SVC*HC:99213*172.81*132.93**1~
DTM*472*20240704~
CAS*CO*45*39.88~
CLP*151469209166*1*249.95*192.27*57.68*MC*ECLAIM000072~
NM1*QC*1*PATEL*PRIYA****MI*DEP002A~
NM1*82*1*KIM*DAVID****XX*2223334445~
SVC*HC:99214*249.95*192.27**1~
DTM*472*20240624~
CAS*CO*45*57.68~
CLP*407111596789*1*407.83*313.72*94.11*MC*ECLAIM000073~
NM1*QC*1*TAYLOR*KRISTIN****MI*EMP013~
NM1*82*1*OCONNOR*SEAN****XX*3334445556~
SVC*HC:99397*407.83*313.72**1~
DTM*472*20240717~
CAS*CO*45*94.11~
CLP*658600349500*1*229.8*176.77*53.03*MC*ECLAIM000074~
NM1*QC*1*GONZALEZ*MARIA****MI*DEP003A~
NM1*82*2*BAYVIEW ORTHO GROUP*****XX*6667778889~
SVC*HC:99243*229.8*176.77**1~
DTM*472*20240810~
CAS*CO*45*53.03~
CLP*467137094489*1*379.07*291.59*87.48*MC*ECLAIM000075~
NM1*QC*1*TAYLOR*KRISTIN****MI*EMP013~
NM1*82*1*SHARMA*PRIYA****XX*4445556667~
SVC*HC:99396*379.07*291.59**1~
DTM*472*20240321~
CAS*CO*45*87.48~
CLP*223294583471*1*40.56*31.2*9.36*MC*ECLAIM000076~
NM1*QC*1*MILLER*SCOTT****MI*EMP010~
NM1*82*1*MARTINEZ*ANNA****XX*1112223334~
SVC*HC:80053*40.56*31.2**1~
DTM*472*20240320~
CAS*CO*45*9.36~
CLP*614995787502*1*64.62*49.71*14.91*MC*ECLAIM000077~
NM1*QC*1*MILLER*SCOTT****MI*EMP010~
NM1*82*2*BAYVIEW ORTHO GROUP*****XX*6667778889~
SVC*HC:93000*64.62*49.71**1~
DTM*472*20240515~
CAS*CO*45*14.91~
CLP*410447259596*1*1000.83*252.66*748.17*MC*ECLAIM000078~
NM1*QC*1*CHEN*ROBERT****MI*EMP001~
NM1*82*2*BAYVIEW ORTHO GROUP*****XX*6667778889~
SVC*HC:99284*1000.83*252.66**1~
DTM*472*20240125~
CAS*CO*45*748.17~
CLP*043153894877*1*50.74*39.03*11.71*MC*ECLAIM000079~
NM1*QC*1*MILLER*SCOTT****MI*EMP010~
NM1*82*2*BAYVIEW ORTHO GROUP*****XX*6667778889~
SVC*HC:93000*50.74*39.03**1~
DTM*472*20240702~
CAS*CO*45*11.71~
CLP*727723535069*1*296.94*228.41*68.53*MC*ECLAIM000080~
NM1*QC*1*PATEL*PRIYA****MI*DEP002A~
NM1*82*1*KIM*DAVID****XX*2223334445~
SVC*HC:99396*296.94*228.41**1~
DTM*472*20241210~
CAS*CO*45*68.53~
CLP*682448662530*1*205.38*157.98*47.4*MC*ECLAIM000081~
NM1*QC*1*MOORE*BRIAN****MI*EMP012~
NM1*82*1*MARTINEZ*ANNA****XX*1112223334~
SVC*HC:90834*205.38*157.98**1~
DTM*472*20240313~
CAS*CO*45*47.4~
CLP*391626036797*1*200.6*154.31*46.29*MC*ECLAIM000082~
NM1*QC*1*WILSON*JANET****MI*EMP011~
NM1*82*1*MARTINEZ*ANNA****XX*1112223334~
SVC*HC:99213*200.6*154.31**1~
DTM*472*20241015~
CAS*CO*45*46.29~
CLP*543047606210*4*36.95*0*36.95*MC*ECLAIM000083~
NM1*QC*1*PATEL*PRIYA****MI*DEP002A~
NM1*82*1*KIM*DAVID****XX*2223334445~
SVC*HC:80053*36.95*0**1~
DTM*472*20240711~
CAS*CO*4*36.95~
CLP*806310140410*1*31.01*23.85*7.16*MC*ECLAIM000084~
NM1*QC*1*GONZALEZ*MARIA****MI*DEP003A~
NM1*82*1*SHARMA*PRIYA****XX*4445556667~
SVC*HC:80053*31.01*23.85**1~
DTM*472*20240815~
CAS*CO*45*7.16~
CLP*279033298459*1*28.65*22.04*6.61*MC*ECLAIM000085~
NM1*QC*1*CHEN*LINDA****MI*DEP001A~
NM1*82*2*CHESAPEAKE IMAGING LLC*****XX*7778889990~
SVC*HC:83036*28.65*22.04**1~
DTM*472*20241204~
CAS*CO*45*6.61~
CLP*861268050145*1*395.39*304.15*91.24*MC*ECLAIM000086~
NM1*QC*1*PATEL*PRIYA****MI*DEP002A~
NM1*82*2*MD MENTAL HEALTH ASSOC*****XX*8889990001~
SVC*HC:99244*395.39*304.15**1~
DTM*472*20240122~
CAS*CO*45*91.24~
CLP*004762750774*1*236.38*181.83*54.55*MC*ECLAIM000087~
NM1*QC*1*NGUYEN*TRAN****MI*EMP005~
NM1*82*1*OCONNOR*SEAN****XX*3334445556~
SVC*HC:90837*236.38*181.83**1~
DTM*472*20241126~
CAS*CO*45*54.55~
CLP*951368928609*4*222.63*0*222.63*MC*ECLAIM000088~
NM1*QC*1*GONZALEZ*CARLOS****MI*EMP003~
NM1*82*1*JOHNSON*MARK****XX*5556667778~
SVC*HC:99213*222.63*0**1~
DTM*472*20240106~
CAS*CO*97*222.63~
CLP*049000889444*1*18.1*13.92*4.18*MC*ECLAIM000089~
NM1*QC*1*CHEN*LINDA****MI*DEP001A~
NM1*82*1*OCONNOR*SEAN****XX*3334445556~
SVC*HC:82947*18.1*13.92**1~
DTM*472*20240224~
CAS*CO*45*4.18~
CLP*753717529112*1*311.91*239.93*71.98*MC*ECLAIM000090~
NM1*QC*1*DAVIS*ANGELA****MI*EMP009~
NM1*82*1*OCONNOR*SEAN****XX*3334445556~
SVC*HC:99397*311.91*239.93**1~
DTM*472*20240201~
CAS*CO*45*71.98~
CLP*273291822595*1*88.29*18.58*69.71*MC*ECLAIM000091~
NM1*QC*1*PATEL*VIKRAM****MI*EMP002~
NM1*82*1*SHARMA*PRIYA****XX*4445556667~
SVC*HC:80053*88.29*18.58**1~
DTM*472*20240220~
CAS*CO*45*69.71~
CLP*824714312884*1*19.99*15.38*4.61*MC*ECLAIM000092~
NM1*QC*1*PATEL*VIKRAM****MI*EMP002~
NM1*82*1*JOHNSON*MARK****XX*5556667778~
SVC*HC:82947*19.99*15.38**1~
DTM*472*20240204~
CAS*CO*45*4.61~
CLP*332086596546*1*41.66*15.42*26.24*MC*ECLAIM000093~
NM1*QC*1*TAYLOR*KRISTIN****MI*EMP013~
NM1*82*2*CHESAPEAKE IMAGING LLC*****XX*7778889990~
SVC*HC:36415*41.66*15.42**1~
DTM*472*20240913~
CAS*CO*45*26.24~
CLP*237827950000*1*439.99*87.28*352.71*MC*ECLAIM000094~
NM1*QC*1*PATEL*PRIYA****MI*DEP002A~
NM1*82*1*SHARMA*PRIYA****XX*4445556667~
SVC*HC:99213*439.99*87.28**1~
DTM*472*20240828~
CAS*CO*45*352.71~
CLP*020021543365*1*249.52*191.94*57.58*MC*ECLAIM000095~
NM1*QC*1*SMITH*KAREN****MI*DEP004A~
NM1*82*1*MARTINEZ*ANNA****XX*1112223334~
SVC*HC:99214*249.52*191.94**1~
DTM*472*20241212~
CAS*CO*45*57.58~
CLP*018917644404*1*235.77*181.36*54.41*MC*ECLAIM000096~
NM1*QC*1*WILLIAMS*DEANNA****MI*EMP007~
NM1*82*2*CHESAPEAKE IMAGING LLC*****XX*7778889990~
SVC*HC:90837*235.77*181.36**1~
DTM*472*20241005~
CAS*CO*45*54.41~
CLP*963907738220*1*339.72*78.0*261.72*MC*ECLAIM000097~
NM1*QC*1*SMITH*KAREN****MI*DEP004A~
NM1*82*1*JOHNSON*MARK****XX*5556667778~
SVC*HC:99213*339.72*78.0**1~
DTM*472*20241128~
CAS*CO*45*261.72~
CLP*648893072249*1*492.84*379.11*113.73*MC*ECLAIM000098~
NM1*QC*1*BROWN*KEVIN****MI*EMP008~
NM1*82*1*JOHNSON*MARK****XX*5556667778~
SVC*HC:99284*492.84*379.11**1~
DTM*472*20240509~
CAS*CO*45*113.73~
CLP*440833364633*1*587.99*452.3*135.69*MC*ECLAIM000099~
NM1*QC*1*SMITH*KAREN****MI*DEP004A~
NM1*82*1*SHARMA*PRIYA****XX*4445556667~
SVC*HC:99284*587.99*452.3**1~
DTM*472*20241118~
CAS*CO*45*135.69~
CLP*412729877684*1*155.03*119.26*35.77*MC*ECLAIM000100~
NM1*QC*1*PATEL*VIKRAM****MI*EMP002~
NM1*82*1*MARTINEZ*ANNA****XX*1112223334~
SVC*HC:99213*155.03*119.26**1~
DTM*472*20240422~
CAS*CO*45*35.77~
CLP*220843116436*1*160.31*123.31*37.0*MC*ECLAIM000101~
NM1*QC*1*SMITH*KAREN****MI*DEP004A~
NM1*82*1*MARTINEZ*ANNA****XX*1112223334~
SVC*HC:99213*160.31*123.31**1~
DTM*472*20240608~
CAS*CO*45*37.0~
CLP*119611346914*1*3054.28*1997.04*1057.24*MC*ECLAIM000102~
NM1*QC*1*NGUYEN*TRAN****MI*EMP005~
NM1*82*1*OCONNOR*SEAN****XX*3334445556~
SVC*HC:43239*3054.28*1997.04**1~
DTM*472*20240818~
CAS*CO*45*1057.24~
CLP*822228657273*1*15.67*12.06*3.61*MC*ECLAIM000103~
NM1*QC*1*CHEN*ROBERT****MI*EMP001~
NM1*82*1*SHARMA*PRIYA****XX*4445556667~
SVC*HC:82947*15.67*12.06**1~
DTM*472*20241225~
CAS*CO*45*3.61~
CLP*965830985704*1*51.91*19.51*32.4*MC*ECLAIM000104~
NM1*QC*1*BROWN*KEVIN****MI*EMP008~
NM1*82*1*MARTINEZ*ANNA****XX*1112223334~
SVC*HC:80053*51.91*19.51**1~
DTM*472*20240213~
CAS*CO*45*32.4~
CLP*012571415705*1*35.31*14.17*21.14*MC*ECLAIM000105~
NM1*QC*1*CHEN*LINDA****MI*DEP001A~
NM1*82*1*JOHNSON*MARK****XX*5556667778~
SVC*HC:36415*35.31*14.17**1~
DTM*472*20240713~
CAS*CO*45*21.14~
CLP*881620737877*1*211.17*162.44*48.73*MC*ECLAIM000106~
NM1*QC*1*PATEL*VIKRAM****MI*EMP002~
NM1*82*1*KIM*DAVID****XX*2223334445~
SVC*HC:90837*211.17*162.44**1~
DTM*472*20241025~
CAS*CO*45*48.73~
CLP*627843568819*1*603.62*162.62*441.0*MC*ECLAIM000107~
NM1*QC*1*SMITH*JOHN****MI*EMP004~
NM1*82*1*SHARMA*PRIYA****XX*4445556667~
SVC*HC:99214*603.62*162.62**1~
DTM*472*20240516~
CAS*CO*45*441.0~
CLP*655313566370*1*362.12*278.55*83.57*MC*ECLAIM000108~
NM1*QC*1*CHEN*LINDA****MI*DEP001A~
NM1*82*1*KIM*DAVID****XX*2223334445~
SVC*HC:99244*362.12*278.55**1~
DTM*472*20240815~
CAS*CO*45*83.57~
CLP*812207308389*1*277.05*213.11*63.94*MC*ECLAIM000109~
NM1*QC*1*CHEN*EMMA****MI*DEP001B~
NM1*82*1*SHARMA*PRIYA****XX*4445556667~
SVC*HC:99283*277.05*213.11**1~
DTM*472*20240528~
CAS*CO*45*63.94~
CLP*644710850315*1*365.27*280.98*84.29*MC*ECLAIM000110~
NM1*QC*1*JOHNSON*MARCUS****MI*EMP006~
NM1*82*1*KIM*DAVID****XX*2223334445~
SVC*HC:99244*365.27*280.98**1~
DTM*472*20240203~
CAS*CO*45*84.29~
CLP*336286707852*1*219.8*169.08*50.72*MC*ECLAIM000111~
NM1*QC*1*SMITH*JOHN****MI*EMP004~
NM1*82*2*MD MENTAL HEALTH ASSOC*****XX*8889990001~
SVC*HC:90834*219.8*169.08**1~
DTM*472*20241104~
CAS*CO*45*50.72~
CLP*150350092901*1*274.42*211.09*63.33*MC*ECLAIM000112~
NM1*QC*1*GONZALEZ*CARLOS****MI*EMP003~
NM1*82*2*CHESAPEAKE IMAGING LLC*****XX*7778889990~
SVC*HC:99283*274.42*211.09**1~
DTM*472*20241018~
CAS*CO*45*63.33~
CLP*396046174173*1*213.56*164.28*49.28*MC*ECLAIM000113~
NM1*QC*1*WILLIAMS*DEANNA****MI*EMP007~
NM1*82*1*SHARMA*PRIYA****XX*4445556667~
SVC*HC:99213*213.56*164.28**1~
DTM*472*20240713~
CAS*CO*45*49.28~
CLP*178415659935*1*323.32*248.71*74.61*MC*ECLAIM000114~
NM1*QC*1*JOHNSON*MARCUS****MI*EMP006~
NM1*82*1*JOHNSON*MARK****XX*5556667778~
SVC*HC:99243*323.32*248.71**1~
DTM*472*20240516~
CAS*CO*45*74.61~
CLP*485473171085*1*18.43*14.18*4.25*MC*ECLAIM000115~
NM1*QC*1*PATEL*PRIYA****MI*DEP002A~
NM1*82*2*BAYVIEW ORTHO GROUP*****XX*6667778889~
SVC*HC:85025*18.43*14.18**1~
DTM*472*20241005~
CAS*CO*45*4.25~
CLP*322810926105*1*200.39*154.15*46.24*MC*ECLAIM000116~
NM1*QC*1*MOORE*BRIAN****MI*EMP012~
NM1*82*2*MD MENTAL HEALTH ASSOC*****XX*8889990001~
SVC*HC:99213*200.39*154.15**1~
DTM*472*20240615~
CAS*CO*45*46.24~
CLP*528423324310*1*224.47*172.67*51.8*MC*ECLAIM000117~
NM1*QC*1*SMITH*JOHN****MI*EMP004~
NM1*82*2*BAYVIEW ORTHO GROUP*****XX*6667778889~
SVC*HC:99213*224.47*172.67**1~
DTM*472*20241028~
CAS*CO*45*51.8~
CLP*886120717582*1*368.05*283.11*84.94*MC*ECLAIM000118~
NM1*QC*1*WILSON*JANET****MI*EMP011~
NM1*82*1*KIM*DAVID****XX*2223334445~
SVC*HC:99397*368.05*283.11**1~
DTM*472*20241006~
CAS*CO*45*84.94~
CLP*371437105812*1*255.34*196.42*58.92*MC*ECLAIM000119~
NM1*QC*1*CHEN*EMMA****MI*DEP001B~
NM1*82*1*MARTINEZ*ANNA****XX*1112223334~
SVC*HC:99214*255.34*196.42**1~
DTM*472*20241217~
CAS*CO*45*58.92~
CLP*324021464052*1*296.86*228.36*68.5*MC*ECLAIM000120~
NM1*QC*1*WILLIAMS*DEANNA****MI*EMP007~
NM1*82*2*CHESAPEAKE IMAGING LLC*****XX*7778889990~
SVC*HC:99397*296.86*228.36**1~
DTM*472*20241103~
CAS*CO*45*68.5~
CLP*994244537478*1*215.96*166.12*49.84*MC*ECLAIM000121~
NM1*QC*1*CHEN*LINDA****MI*DEP001A~
NM1*82*1*KIM*DAVID****XX*2223334445~
SVC*HC:99214*215.96*166.12**1~
DTM*472*20241020~
CAS*CO*45*49.84~
CLP*267109299253*1*34.97*10.6*24.37*MC*ECLAIM000122~
NM1*QC*1*TAYLOR*KRISTIN****MI*EMP013~
NM1*82*1*JOHNSON*MARK****XX*5556667778~
SVC*HC:36415*34.97*10.6**1~
DTM*472*20241217~
CAS*CO*45*24.37~
CLP*130221864554*1*190.48*146.52*43.96*MC*ECLAIM000123~
NM1*QC*1*WILSON*JANET****MI*EMP011~
NM1*82*2*CHESAPEAKE IMAGING LLC*****XX*7778889990~
SVC*HC:99213*190.48*146.52**1~
DTM*472*20241001~
CAS*CO*45*43.96~
CLP*936008371939*1*429.2*98.6*330.6*MC*ECLAIM000124~
NM1*QC*1*JOHNSON*MARCUS****MI*EMP006~
NM1*82*1*SHARMA*PRIYA****XX*4445556667~
SVC*HC:99213*429.2*98.6**1~
DTM*472*20241228~
CAS*CO*45*330.6~
CLP*868325979659*1*46.24*14.83*31.41*MC*ECLAIM000125~
NM1*QC*1*CHEN*LINDA****MI*DEP001A~
NM1*82*1*JOHNSON*MARK****XX*5556667778~
SVC*HC:36415*46.24*14.83**1~
DTM*472*20240309~
CAS*CO*45*31.41~
CLP*038652263837*1*56.11*43.16*12.95*MC*ECLAIM000126~
NM1*QC*1*DAVIS*ANGELA****MI*EMP009~
NM1*82*2*BAYVIEW ORTHO GROUP*****XX*6667778889~
SVC*HC:71046*56.11*43.16**1~
DTM*472*20240606~
CAS*CO*45*12.95~
CLP*837768429236*1*18.88*14.53*4.35*MC*ECLAIM000127~
NM1*QC*1*CHEN*ROBERT****MI*EMP001~
NM1*82*1*MARTINEZ*ANNA****XX*1112223334~
SVC*HC:85025*18.88*14.53**1~
DTM*472*20240914~
CAS*CO*45*4.35~
CLP*482548291072*4*310.9*0*310.9*MC*ECLAIM000128~
NM1*QC*1*WILSON*JANET****MI*EMP011~
NM1*82*2*MD MENTAL HEALTH ASSOC*****XX*8889990001~
SVC*HC:99243*310.9*0**1~
DTM*472*20240716~
CAS*PR*1*310.9~
CLP*203388693157*1*297.61*228.93*68.68*MC*ECLAIM000129~
NM1*QC*1*CHEN*ROBERT****MI*EMP001~
NM1*82*1*MARTINEZ*ANNA****XX*1112223334~
SVC*HC:99283*297.61*228.93**1~
DTM*472*20240122~
CAS*CO*45*68.68~
CLP*887189641082*1*17.61*13.54*4.07*MC*ECLAIM000130~
NM1*QC*1*BROWN*KEVIN****MI*EMP008~
NM1*82*1*OCONNOR*SEAN****XX*3334445556~
SVC*HC:82947*17.61*13.54**1~
DTM*472*20240925~
CAS*CO*45*4.07~
CLP*178994092320*1*17.81*13.7*4.11*MC*ECLAIM000131~
NM1*QC*1*SMITH*JOHN****MI*EMP004~
NM1*82*2*MD MENTAL HEALTH ASSOC*****XX*8889990001~
SVC*HC:82947*17.81*13.7**1~
DTM*472*20240627~
CAS*CO*45*4.11~
CLP*014934213932*1*51.59*39.69*11.9*MC*ECLAIM000132~
NM1*QC*1*SMITH*TYLER****MI*DEP004B~
NM1*82*1*KIM*DAVID****XX*2223334445~
SVC*HC:93000*51.59*39.69**1~
DTM*472*20240504~
CAS*CO*45*11.9~
CLP*020236991357*1*26.88*20.67*6.21*MC*ECLAIM000133~
NM1*QC*1*ANDERSON*PAUL****MI*EMP014~
NM1*82*2*MD MENTAL HEALTH ASSOC*****XX*8889990001~
SVC*HC:83036*26.88*20.67**1~
DTM*472*20240821~
CAS*CO*45*6.21~
CLP*898123669300*1*303.04*233.1*69.94*MC*ECLAIM000134~
NM1*QC*1*WILSON*JANET****MI*EMP011~
NM1*82*2*BAYVIEW ORTHO GROUP*****XX*6667778889~
SVC*HC:99396*303.04*233.1**1~
DTM*472*20240625~
CAS*CO*45*69.94~
CLP*181778774545*1*200.38*154.14*46.24*MC*ECLAIM000135~
NM1*QC*1*PATEL*PRIYA****MI*DEP002A~
NM1*82*1*JOHNSON*MARK****XX*5556667778~
SVC*HC:99213*200.38*154.14**1~
DTM*472*20240921~
CAS*CO*45*46.24~
CLP*600658674461*1*919.46*601.18*318.28*MC*ECLAIM000136~
NM1*QC*1*MILLER*SCOTT****MI*EMP010~
NM1*82*1*OCONNOR*SEAN****XX*3334445556~
SVC*HC:43239*919.46*601.18**1~
DTM*472*20240413~
CAS*CO*45*318.28~
CLP*509037067761*1*35.73*27.49*8.24*MC*ECLAIM000137~
NM1*QC*1*CHEN*LINDA****MI*DEP001A~
NM1*82*1*MARTINEZ*ANNA****XX*1112223334~
SVC*HC:80053*35.73*27.49**1~
DTM*472*20240509~
CAS*CO*45*8.24~
CLP*857005239674*1*21.5*16.54*4.96*MC*ECLAIM000138~
NM1*QC*1*PATEL*PRIYA****MI*DEP002A~
NM1*82*2*BAYVIEW ORTHO GROUP*****XX*6667778889~
SVC*HC:85025*21.5*16.54**1~
DTM*472*20240524~
CAS*CO*45*4.96~
CLP*139067572252*1*62.79*10.68*52.11*MC*ECLAIM000139~
NM1*QC*1*SMITH*KAREN****MI*DEP004A~
NM1*82*1*OCONNOR*SEAN****XX*3334445556~
SVC*HC:36415*62.79*10.68**1~
DTM*472*20240927~
CAS*CO*45*52.11~
CLP*327871291254*1*425.78*191.34*234.44*MC*ECLAIM000140~
NM1*QC*1*JOHNSON*MARCUS****MI*EMP006~
NM1*82*2*CHESAPEAKE IMAGING LLC*****XX*7778889990~
SVC*HC:99396*425.78*191.34**1~
DTM*472*20241013~
CAS*CO*45*234.44~
CLP*764718768979*1*294.3*226.39*67.91*MC*ECLAIM000141~
NM1*QC*1*SMITH*TYLER****MI*DEP004B~
NM1*82*1*JOHNSON*MARK****XX*5556667778~
SVC*HC:99396*294.3*226.39**1~
DTM*472*20240503~
CAS*CO*45*67.91~
CLP*029341483321*4*30.29*0*30.29*MC*ECLAIM000142~
NM1*QC*1*CHEN*LINDA****MI*DEP001A~
NM1*82*2*CHESAPEAKE IMAGING LLC*****XX*7778889990~
SVC*HC:83036*30.29*0**1~
DTM*472*20241219~
CAS*CO*97*30.29~
CLP*574921885517*1*189.71*145.93*43.78*MC*ECLAIM000143~
NM1*QC*1*WILLIAMS*DEANNA****MI*EMP007~
NM1*82*1*SHARMA*PRIYA****XX*4445556667~
SVC*HC:99213*189.71*145.93**1~
DTM*472*20240221~
CAS*CO*45*43.78~
CLP*364790417728*1*39.64*30.49*9.15*MC*ECLAIM000144~
NM1*QC*1*GONZALEZ*CARLOS****MI*EMP003~
NM1*82*1*MARTINEZ*ANNA****XX*1112223334~
SVC*HC:80053*39.64*30.49**1~
DTM*472*20241122~
CAS*CO*45*9.15~
CLP*974013700978*4*19.87*0*19.87*MC*ECLAIM000145~
NM1*QC*1*WILLIAMS*DEANNA****MI*EMP007~
NM1*82*1*OCONNOR*SEAN****XX*3334445556~
SVC*HC:82947*19.87*0**1~
DTM*472*20240518~
CAS*CO*4*19.87~
CLP*425423171998*1*293.12*225.47*67.65*MC*ECLAIM000146~
NM1*QC*1*MILLER*SCOTT****MI*EMP010~
NM1*82*1*SHARMA*PRIYA****XX*4445556667~
SVC*HC:99214*293.12*225.47**1~
DTM*472*20241211~
CAS*CO*45*67.65~
CLP*871437182048*1*429.48*330.37*99.11*MC*ECLAIM000147~
NM1*QC*1*SMITH*JOHN****MI*EMP004~
NM1*82*1*KIM*DAVID****XX*2223334445~
SVC*HC:73721*429.48*330.37**1~
DTM*472*20240809~
CAS*CO*45*99.11~
CLP*462135938987*1*343.68*264.37*79.31*MC*ECLAIM000148~
NM1*QC*1*CHEN*ROBERT****MI*EMP001~
NM1*82*1*KIM*DAVID****XX*2223334445~
SVC*HC:99244*343.68*264.37**1~
DTM*472*20240410~
CAS*CO*45*79.31~
CLP*393913043484*1*964.0*249.7*714.3*MC*ECLAIM000149~
NM1*QC*1*SMITH*KAREN****MI*DEP004A~
NM1*82*1*JOHNSON*MARK****XX*5556667778~
SVC*HC:72148*964.0*249.7**1~
DTM*472*20240923~
CAS*CO*45*714.3~
CLP*652679413500*4*7127.6*0*7127.6*MC*ECLAIM000150~
NM1*QC*1*SMITH*TYLER****MI*DEP004B~
NM1*82*1*KIM*DAVID****XX*2223334445~
SVC*HC:66984*7127.6*0**1~
DTM*472*20240307~
CAS*CO*45*7127.6~
CLP*341010640762*1*310.06*238.51*71.55*MC*ECLAIM000151~
NM1*QC*1*SMITH*TYLER****MI*DEP004B~
NM1*82*2*CHESAPEAKE IMAGING LLC*****XX*7778889990~
SVC*HC:99283*310.06*238.51**1~
DTM*472*20240607~
CAS*CO*45*71.55~
CLP*000164806951*1*363.93*141.14*222.79*MC*ECLAIM000152~
NM1*QC*1*JOHNSON*MARCUS****MI*EMP006~
NM1*82*1*JOHNSON*MARK****XX*5556667778~
SVC*HC:99243*363.93*141.14**1~
DTM*472*20240622~
CAS*CO*45*222.79~
CLP*326139874190*1*530.16*159.68*370.48*MC*ECLAIM000153~
NM1*QC*1*TAYLOR*KRISTIN****MI*EMP013~
NM1*82*2*BAYVIEW ORTHO GROUP*****XX*6667778889~
SVC*HC:99243*530.16*159.68**1~
DTM*472*20240415~
CAS*CO*45*370.48~
CLP*698344823502*1*181.47*139.59*41.88*MC*ECLAIM000154~
NM1*QC*1*MILLER*SCOTT****MI*EMP010~
NM1*82*1*KIM*DAVID****XX*2223334445~
SVC*HC:99213*181.47*139.59**1~
DTM*472*20241227~
CAS*CO*45*41.88~
CLP*215729341401*1*341.84*262.96*78.88*MC*ECLAIM000155~
NM1*QC*1*PATEL*PRIYA****MI*DEP002A~
NM1*82*2*BAYVIEW ORTHO GROUP*****XX*6667778889~
SVC*HC:99397*341.84*262.96**1~
DTM*472*20240311~
CAS*CO*45*78.88~
CLP*864544819885*1*236.75*182.12*54.63*MC*ECLAIM000156~
NM1*QC*1*CHEN*LINDA****MI*DEP001A~
NM1*82*1*OCONNOR*SEAN****XX*3334445556~
SVC*HC:99214*236.75*182.12**1~
DTM*472*20240521~
CAS*CO*45*54.63~
CLP*022049825057*1*273.57*210.44*63.13*MC*ECLAIM000157~
NM1*QC*1*JOHNSON*MARCUS****MI*EMP006~
NM1*82*1*OCONNOR*SEAN****XX*3334445556~
SVC*HC:99243*273.57*210.44**1~
DTM*472*20240909~
CAS*CO*45*63.13~
CLP*490460477401*1*70.84*54.49*16.35*MC*ECLAIM000158~
NM1*QC*1*WILLIAMS*DEANNA****MI*EMP007~
NM1*82*2*MD MENTAL HEALTH ASSOC*****XX*8889990001~
SVC*HC:71046*70.84*54.49**1~
DTM*472*20240519~
CAS*CO*45*16.35~
CLP*474247758966*1*26.68*20.53*6.15*MC*ECLAIM000159~
NM1*QC*1*CHEN*LINDA****MI*DEP001A~
NM1*82*1*OCONNOR*SEAN****XX*3334445556~
SVC*HC:36415*26.68*20.53**1~
DTM*472*20240225~
CAS*CO*45*6.15~
CLP*391072712607*1*61.07*46.98*14.09*MC*ECLAIM000160~
NM1*QC*1*ANDERSON*PAUL****MI*EMP014~
NM1*82*1*OCONNOR*SEAN****XX*3334445556~
SVC*HC:71046*61.07*46.98**1~
DTM*472*20241201~
CAS*CO*45*14.09~
CLP*835111825593*1*894.73*181.85*712.88*MC*ECLAIM000161~
NM1*QC*1*GONZALEZ*MARIA****MI*DEP003A~
NM1*82*1*OCONNOR*SEAN****XX*3334445556~
SVC*HC:99397*894.73*181.85**1~
DTM*472*20241010~
CAS*CO*45*712.88~
CLP*059828849881*1*230.17*177.06*53.11*MC*ECLAIM000162~
NM1*QC*1*MILLER*SCOTT****MI*EMP010~
NM1*82*1*OCONNOR*SEAN****XX*3334445556~
SVC*HC:99243*230.17*177.06**1~
DTM*472*20240820~
CAS*CO*45*53.11~
CLP*504179579276*1*545.41*419.55*125.86*MC*ECLAIM000163~
NM1*QC*1*PATEL*PRIYA****MI*DEP002A~
NM1*82*1*KIM*DAVID****XX*2223334445~
SVC*HC:72148*545.41*419.55**1~
DTM*472*20241018~
CAS*CO*45*125.86~
CLP*439679695497*1*534.1*173.77*360.33*MC*ECLAIM000164~
NM1*QC*1*TAYLOR*KRISTIN****MI*EMP013~
NM1*82*1*MARTINEZ*ANNA****XX*1112223334~
SVC*HC:99396*534.1*173.77**1~
DTM*472*20240107~
CAS*CO*45*360.33~
CLP*425937712253*1*196.33*151.02*45.31*MC*ECLAIM000165~
NM1*QC*1*DAVIS*ANGELA****MI*EMP009~
NM1*82*2*CHESAPEAKE IMAGING LLC*****XX*7778889990~
SVC*HC:99213*196.33*151.02**1~
DTM*472*20240628~
CAS*CO*45*45.31~
CLP*948049557269*1*251.85*193.73*58.12*MC*ECLAIM000166~
NM1*QC*1*GONZALEZ*MARIA****MI*DEP003A~
NM1*82*1*KIM*DAVID****XX*2223334445~
SVC*HC:99214*251.85*193.73**1~
DTM*472*20241004~
CAS*CO*45*58.12~
CLP*357938565770*1*29.93*23.02*6.91*MC*ECLAIM000167~
NM1*QC*1*NGUYEN*TRAN****MI*EMP005~
NM1*82*1*JOHNSON*MARK****XX*5556667778~
SVC*HC:36415*29.93*23.02**1~
DTM*472*20240202~
CAS*CO*45*6.91~
CLP*084655055412*1*31.26*24.04*7.22*MC*ECLAIM000168~
NM1*QC*1*CHEN*LINDA****MI*DEP001A~
NM1*82*2*CHESAPEAKE IMAGING LLC*****XX*7778889990~
SVC*HC:83036*31.26*24.04**1~
DTM*472*20240511~
CAS*CO*45*7.22~
CLP*740676384324*1*192.46*148.04*44.42*MC*ECLAIM000169~
NM1*QC*1*CHEN*LINDA****MI*DEP001A~
NM1*82*2*BAYVIEW ORTHO GROUP*****XX*6667778889~
SVC*HC:99213*192.46*148.04**1~
DTM*472*20240916~
CAS*CO*45*44.42~
CLP*553806573755*1*154.2*118.62*35.58*MC*ECLAIM000170~
NM1*QC*1*WILLIAMS*DEANNA****MI*EMP007~
NM1*82*1*SHARMA*PRIYA****XX*4445556667~
SVC*HC:99213*154.2*118.62**1~
DTM*472*20240706~
CAS*CO*45*35.58~
CLP*558256277478*1*291.45*224.19*67.26*MC*ECLAIM000171~
NM1*QC*1*SMITH*KAREN****MI*DEP004A~
NM1*82*1*MARTINEZ*ANNA****XX*1112223334~
SVC*HC:99243*291.45*224.19**1~
DTM*472*20241026~
CAS*CO*45*67.26~
CLP*070938341153*1*27.66*21.28*6.38*MC*ECLAIM000172~
NM1*QC*1*GONZALEZ*CARLOS****MI*EMP003~
NM1*82*1*MARTINEZ*ANNA****XX*1112223334~
SVC*HC:36415*27.66*21.28**1~
DTM*472*20240408~
CAS*CO*45*6.38~
CLP*637627144841*1*356.81*274.47*82.34*MC*ECLAIM000173~
NM1*QC*1*SMITH*TYLER****MI*DEP004B~
NM1*82*1*SHARMA*PRIYA****XX*4445556667~
SVC*HC:99396*356.81*274.47**1~
DTM*472*20240420~
CAS*CO*45*82.34~
CLP*486524756402*1*299.21*230.16*69.05*MC*ECLAIM000174~
NM1*QC*1*TAYLOR*KRISTIN****MI*EMP013~
NM1*82*1*MARTINEZ*ANNA****XX*1112223334~
SVC*HC:99243*299.21*230.16**1~
DTM*472*20241109~
CAS*CO*45*69.05~
CLP*851233348577*1*1235.51*309.04*926.47*MC*ECLAIM000175~
NM1*QC*1*NGUYEN*TRAN****MI*EMP005~
NM1*82*2*BAYVIEW ORTHO GROUP*****XX*6667778889~
SVC*HC:99284*1235.51*309.04**1~
DTM*472*20240702~
CAS*CO*45*926.47~
CLP*592071046535*1*8088.91*5288.89*2800.02*MC*ECLAIM000176~
NM1*QC*1*PATEL*VIKRAM****MI*EMP002~
NM1*82*1*MARTINEZ*ANNA****XX*1112223334~
SVC*HC:66984*8088.91*5288.89**1~
DTM*472*20241118~
CAS*CO*45*2800.02~
CLP*980233572159*1*38.07*29.28*8.79*MC*ECLAIM000177~
NM1*QC*1*NGUYEN*TRAN****MI*EMP005~
NM1*82*1*SHARMA*PRIYA****XX*4445556667~
SVC*HC:80053*38.07*29.28**1~
DTM*472*20240513~
CAS*CO*45*8.79~
CLP*826516189986*1*182.74*140.57*42.17*MC*ECLAIM000178~
NM1*QC*1*DAVIS*ANGELA****MI*EMP009~
NM1*82*1*MARTINEZ*ANNA****XX*1112223334~
SVC*HC:99213*182.74*140.57**1~
DTM*472*20240920~
CAS*CO*45*42.17~
CLP*845560724839*1*171.57*131.97*39.6*MC*ECLAIM000179~
NM1*QC*1*SMITH*KAREN****MI*DEP004A~
NM1*82*2*MD MENTAL HEALTH ASSOC*****XX*8889990001~
SVC*HC:99213*171.57*131.97**1~
DTM*472*20241007~
CAS*CO*45*39.6~
CLP*880009080915*4*305.46*0*305.46*MC*ECLAIM000180~
NM1*QC*1*GONZALEZ*CARLOS****MI*EMP003~
NM1*82*1*MARTINEZ*ANNA****XX*1112223334~
SVC*HC:99396*305.46*0**1~
DTM*472*20241217~
CAS*PR*1*305.46~
CLP*314367570873*1*308.51*237.31*71.2*MC*ECLAIM000181~
NM1*QC*1*JOHNSON*MARCUS****MI*EMP006~
NM1*82*1*OCONNOR*SEAN****XX*3334445556~
SVC*HC:99214*308.51*237.31**1~
DTM*472*20240502~
CAS*CO*45*71.2~
CLP*923929364623*4*221.64*0*221.64*MC*ECLAIM000182~
NM1*QC*1*CHEN*EMMA****MI*DEP001B~
NM1*82*1*OCONNOR*SEAN****XX*3334445556~
SVC*HC:90837*221.64*0**1~
DTM*472*20240312~
CAS*PR*1*221.64~
CLP*053502418682*1*2650.0*1732.69*917.31*MC*ECLAIM000183~
NM1*QC*1*JOHNSON*MARCUS****MI*EMP006~
NM1*82*1*JOHNSON*MARK****XX*5556667778~
SVC*HC:66984*2650.0*1732.69**1~
DTM*472*20241226~
CAS*CO*45*917.31~
CLP*112784875542*1*24.2*18.61*5.59*MC*ECLAIM000184~
NM1*QC*1*GONZALEZ*MARIA****MI*DEP003A~
NM1*82*1*MARTINEZ*ANNA****XX*1112223334~
SVC*HC:85025*24.2*18.61**1~
DTM*472*20241220~
CAS*CO*45*5.59~
CLP*097747845866*1*30.64*23.57*7.07*MC*ECLAIM000185~
NM1*QC*1*BROWN*KEVIN****MI*EMP008~
NM1*82*1*OCONNOR*SEAN****XX*3334445556~
SVC*HC:83036*30.64*23.57**1~
DTM*472*20240806~
CAS*CO*45*7.07~
CLP*244727374861*1*25.42*19.56*5.86*MC*ECLAIM000186~
NM1*QC*1*WILLIAMS*DEANNA****MI*EMP007~
NM1*82*2*CHESAPEAKE IMAGING LLC*****XX*7778889990~
SVC*HC:85025*25.42*19.56**1~
DTM*472*20240315~
CAS*CO*45*5.86~
CLP*018396202361*1*68.12*52.4*15.72*MC*ECLAIM000187~
NM1*QC*1*SMITH*KAREN****MI*DEP004A~
NM1*82*1*MARTINEZ*ANNA****XX*1112223334~
SVC*HC:93000*68.12*52.4**1~
DTM*472*20241223~
CAS*CO*45*15.72~
CLP*579523449947*1*193.69*148.99*44.7*MC*ECLAIM000188~
NM1*QC*1*PATEL*PRIYA****MI*DEP002A~
NM1*82*2*CHESAPEAKE IMAGING LLC*****XX*7778889990~
SVC*HC:99213*193.69*148.99**1~
DTM*472*20240412~
CAS*CO*45*44.7~
CLP*691506610320*1*2482.92*1623.45*859.47*MC*ECLAIM000189~
NM1*QC*1*CHEN*ROBERT****MI*EMP001~
NM1*82*1*KIM*DAVID****XX*2223334445~
SVC*HC:66984*2482.92*1623.45**1~
DTM*472*20240219~
CAS*CO*45*859.47~
CLP*208074973089*1*226.56*174.27*52.29*MC*ECLAIM000190~
NM1*QC*1*SMITH*JOHN****MI*EMP004~
NM1*82*2*CHESAPEAKE IMAGING LLC*****XX*7778889990~
SVC*HC:90837*226.56*174.27**1~
DTM*472*20241024~
CAS*CO*45*52.29~
CLP*809823439469*1*165.26*127.12*38.14*MC*ECLAIM000191~
NM1*QC*1*DAVIS*ANGELA****MI*EMP009~
NM1*82*2*MD MENTAL HEALTH ASSOC*****XX*8889990001~
SVC*HC:99213*165.26*127.12**1~
DTM*472*20241018~
CAS*CO*45*38.14~
CLP*076394084037*4*190.0*0*190.0*MC*ECLAIM000192~
NM1*QC*1*BROWN*KEVIN****MI*EMP008~
NM1*82*1*SHARMA*PRIYA****XX*4445556667~
SVC*HC:99213*190.0*0**1~
DTM*472*20240924~
CAS*CO*97*190.0~
CLP*321862447541*1*588.98*153.24*435.74*MC*ECLAIM000193~
NM1*QC*1*SMITH*JOHN****MI*EMP004~
NM1*82*2*BAYVIEW ORTHO GROUP*****XX*6667778889~
SVC*HC:99243*588.98*153.24**1~
DTM*472*20240526~
CAS*CO*45*435.74~
CLP*021758651378*1*320.24*246.34*73.9*MC*ECLAIM000194~
NM1*QC*1*SMITH*KAREN****MI*DEP004A~
NM1*82*2*MD MENTAL HEALTH ASSOC*****XX*8889990001~
SVC*HC:99214*320.24*246.34**1~
DTM*472*20240705~
CAS*CO*45*73.9~
CLP*780121588234*1*62.5*48.08*14.42*MC*ECLAIM000195~
NM1*QC*1*PATEL*PRIYA****MI*DEP002A~
NM1*82*2*BAYVIEW ORTHO GROUP*****XX*6667778889~
SVC*HC:93000*62.5*48.08**1~
DTM*472*20240103~
CAS*CO*45*14.42~
CLP*679611975404*1*26.95*20.73*6.22*MC*ECLAIM000196~
NM1*QC*1*DAVIS*ANGELA****MI*EMP009~
NM1*82*2*CHESAPEAKE IMAGING LLC*****XX*7778889990~
SVC*HC:83036*26.95*20.73**1~
DTM*472*20240114~
CAS*CO*45*6.22~
CLP*998965307213*1*629.73*198.21*431.52*MC*ECLAIM000197~
NM1*QC*1*MILLER*SCOTT****MI*EMP010~
NM1*82*1*MARTINEZ*ANNA****XX*1112223334~
SVC*HC:99397*629.73*198.21**1~
DTM*472*20241125~
CAS*CO*45*431.52~
CLP*187568535622*4*27.21*0*27.21*MC*ECLAIM000198~
NM1*QC*1*SMITH*TYLER****MI*DEP004B~
NM1*82*1*SHARMA*PRIYA****XX*4445556667~
SVC*HC:36415*27.21*0**1~
DTM*472*20240813~
CAS*CO*97*27.21~
CLP*428287103090*1*352.91*109.93*242.98*MC*ECLAIM000199~
NM1*QC*1*TAYLOR*KRISTIN****MI*EMP013~
NM1*82*1*KIM*DAVID****XX*2223334445~
SVC*HC:90834*352.91*109.93**1~
DTM*472*20240616~
CAS*CO*45*242.98~
SE*1211*0001~
GE*1*3~
IEA*1*000000003~